3428 5070
1391 329 1422 388 17

214 442 382 525 iidemque
406 447 593 512 doctissimi
611 453 840 515 tractaverunt
846 473 855 527 3
873 466 981 529 neque
997 450 1037 512 dc
1051 447 1189 531 prandi
1207 449 1259 511 ve]
1276 445 1419 512 sublimi

215 553 317 644 (quod
341 579 456 642 graece
481 555 577 648 u‘dpdv
601 565 654 626 vel
679 557 780 626 derude
797 560 947 650 vocatur)
964 565 1094 629 dicendi
1110 581 1239 658 genere,
1258 564 1418 628 emedio-

215 675 271 742 cri
292 678 344 740 vel
367 677 485 742 medlo
510 672 621 762 (μέσον
639 683 692 746 vel
710 673 851 768 olel-apli)
876 687 909 746 et
933 702 952 746 a
977 681 1076 746 tenui
1089 682 1143 745 vel
1158 678 1265 746 subtil
1274 675 1417 766 ’(1σχνὸν

215 796 267 859 vel
291 789 392 880 λιτόν)
416 798 701 881 distinguendum,
720 802 859 864 -huius
884 801 974 864 enim
997 799 1189 882 partitionis
1212 800 1344 863 nullum
1368 803 1419 862 est

214 913 249 974 in
273 909 313 976 Π.
344 910 373 977 d.
408 918 645 980 commentario
668 919 865 999 vestigium,
899 955 920 964 -
951 919 1010 980 sed
1037 918 1119 994 vias,
1145 935 1220 980 cum
1242 917 1418 997 praeceptis

215 1033 287 1092 tum
312 1034 472 1112 exemp10,
499 1036 687 1098 oratoribus
712 1037 928 1113 demonstrat,
953 1037 1076 1116 quibus
1093 1036 1128 1097 in
1145 1038 1216 1099 arte
1232 1052 1294 1097 sua
1317 1034 1418 1097 excel-

217 1143 365 1223 lentiam,
392 1165 477 1226 quae
502 1167 590 1211 nunc
615 1150 676 1212 hoc
700 1168 788 1213 nunc
811 1151 878 1227 illo,
897 1155 935 1214 ut
951 1154 1185 1232 argumentum
1208 1153 1332 1231 poscat,
1350 1166 1419 1213 ora-

213 1263 314 1328 tionis
339 1283 459 1346 genere
483 1268 602 1349 attingi
625 1270 743 1350 possit,
764 1273 1020 1349 consequantur.

277 1379 440 1444 Nostrum
464 1401 531 1446 non
565 1391 617 1448 est
651 1387 787 1466 penitus
822 1389 862 1450 de
893 1388 955 1450 hac
984 1384 1211 1448 controversia
1240 1383 1419 1462 inquirere,

218 1515 318 1576 quam
354 1501 451 1564 multi
476 1503 560 1565 bene
587 1504 641 1566 vel
666 1521 842 1584 perperam
876 1502 1156 1584 pertractaverint
1163 1526 1172 1580 3
1197 1501 1256 1563 sed
1283 1517 1343 1562 nos
1375 1517 1422 1562 re-

217 1621 266 1680 cte
291 1618 420 1698 opinari
448 1637 513 1681 non
530 1621 643 1684 minus
662 1621 915 1685 difficultatibus
932 1624 1032 1700 atque
1048 1617 1333 1698 inconsequentiis
1349 1634 1421 1697 pro-

211 1736 320 1813 batur,
345 1753 429 1814 quas
454 1736 667 1800 offenderunt
692 1739 813 1817 quide
840 1739 902 1800 hoc
927 1737 1012 1799 libro
1044 1737 1142 1800 aliter
1165 1753 1202 1798 ao
1226 1753 1287 1797 nos
1310 1752 1419 1798 sense·

219 1856 299 1915 runt
325 1848 358 1939 ¹),
394 1871 494 1933 quarn
519 1856 764 1919 sententiarum
780 1856 895 1918 ordine
912 1859 945 1918 et
961 1871 1080 1936 genere
1097 1853 1324 1933 exemplorum
1345 1869 1418 1930 quae

213 1968 247 2032 in
269 1969 343 2049 ipso
366 1971 585 2051 proferuntur
592 1997 601 2050 3
628 1977 728 2052 atque
751 1973 927 2053 perspicue
953 1989 993 2034 ex
1025 1989 1157 2034 summa
1187 1969 1417 2033 commentarii

212 2090 358 2165 apparet,
381 2104 491 2166 quam,
506 2093 544 2151 ut
567 2089 728 2151 nonnulla
744 2089 886 2154 clariora
902 2088 1081 2151 videantur
1097 2103 1182 2167 quae
1197 2085 1295 2148 nobis
1312 2085 1417 2147 dicen-

209 2201 251 2264 da
274 2201 351 2278 sint,
375 2202 491 2264 lectori
514 2204 722 2267 subiicimus

277 2314 307 2383 6.
333 2352 373 2364 -
407 2317 529 2381 Caecilii
559 2318 609 2384 De
634 2317 851 2385 sublimitate
882 2320 1025 2396 libellus,
1059 2320 1159 2382 nimis
1189 2319 1416 2401 imperfectae,

214 2435 340 2494 auctori
364 2435 580 2512 occasionem,
602 2437 801 2499 Posthumio
827 2436 1027 2501 Terentiano
1046 2436 1151 2500 amico
1167 2438 1314 2516 rogante,
1333 2435 1416 2498 eius-

210 2551 284 2612 dem
307 2551 510 2613 retractandi
534 2553 722 2630 argumenti
742 2554 889 2632 praehet.

275 2668 364 2731 Illud
388 2673 439 2732 est
462 2669 497 2731 in
526 2669 677 2732 oratione
712 2669 855 2732 sublime
894 2671 982 2748 quod
1013 2670 1119 2751 magis
1152 2669 1194 2732 ad
1225 2669 1416 2732 auditorum

209 2785 339 2849 animos
364 2785 541 2864 rapiendos
566 2784 664 2860 valet,
693 2802 794 2864 quam
818 2787 860 2848 ad
883 2803 998 2848 eorum
1031 2785 1201 2849 mentibus
1229 2785 1415 2866 persuasio-

208 2921 285 2965 nem
309 2903 530 2966 inducendam
555 2897 592 2987 (o.
619 2897 656 2988 I.)
691 2903 790 2966 Falso
815 2904 965 2967 iudicant
995 2904 1147 2966 nonnulli
1173 2903 1416 2967 sublimitatem

211 3021 295 3082 artis
319 3019 506 3099 praeceptis
531 3036 597 3081 non
623 3019 795 3096 contineri,
814 3038 892 3082 nam
916 3020 969 3082 vel
994 3020 1120 3100 optima
1136 3020 1208 3083 sine
1225 3021 1339 3083 fraeno
1362 3037 1415 3100 pe·

210 3136 402 3198 riolitantur
426 3130 464 3221 (o.
491 3130 535 3220 II)
560 3130 593 3220 ²).
620 3135 693 3197 Illis
718 3136 776 3215 qui
802 3137 963 3200 sublimes
987 3138 1021 3199 in
1046 3137 1184 3199 dicendo
1209 3154 1282 3199 esse
1298 3137 1416 3201 volunt

212 3253 322 3316 inanis
347 3258 458 3316 tumor
480 3255 628 3333 primum
653 3257 705 3316 est
729 3254 896 3330 vitandus,
913 3271 1012 3333 quem
1032 3254 1201 3318 interdum
1216 3253 1413 3333 Aeschylus,

213 3371 355 3452 Gorgias
373 3372 568 3449 Leontinus,
588 3371 818 3449 Callisthenes,
838 3389 938 3451 saepe
955 3371 1152 3447 Clitarchus,
1168 3370 1413 3451 Amphicratea

212 3486 388 3567 Hegesiae,
412 3487 531 3549 Matris
555 3504 621 3549 non
645 3488 840 3550 vitaverunt
847 3512 855 3565 3
882 3487 1067 3550 secundum
1089 3487 1218 3566 puerile
1242 3505 1302 3550 seu
1326 3488 1414 3569 frigi-

212 3603 293 3662 dum
317 3602 447 3664 dicendi
472 3621 576 3683 genus
602 3603 847 3684 effugiendum,
882 3604 1015 3665 demum
1044 3603 1175 3680 vitium,
1200 3604 1289 3682 quod
1312 3603 1346 3664 in
1371 3603 1414 3666 af·

212 3721 361 3783 foetuum
385 3722 623 3802 intempestiva
646 3723 866 3794 concitatione
883 3724 1047 3798 versatur,
1066 3726 1099 3784 et
1110 3719 1347 3804 purenthyrsz'
1361 3738 1414 3783 no·

210 3854 287 3899 men
304 3856 324 3899 a
339 3837 512 3901 Theodoro
529 3839 656 3918 accepit
674 3833 710 3924 (o.
728 3833 811 3922 HL).
829 3838 926 3899 Illius
945 3837 1018 3900 vitii
1036 3839 1125 3916 quod
1141 3838 1325 3900 secundum
1343 3855 1414 3899 con-

214 3955 267 4014 tra
284 3954 527 4018 sublimitatem
543 3955 802 4016 memoravimus
818 3954 939 4034 plenus
957 3958 1009 4016 est
1024 3953 1191 4031 Timacus,
1210 3953 1245 4019 in
1261 3953 1414 4034 idemque

210 4143 369 4156 β*

258 4268 464 4341 11111Μο111,
484 4271 675 4340 Schueehius,
694 4270 872 4326 Winklerus
892 4271 1014 4339 aliique.

254 4367 275 4441 2)
296 4369 347 4426 Hie
367 4369 516 4428 (11111111
536 4371 565 4428 in
587 4371 655 4429 Cod.
676 4370 836 4441 parisiensi
855 4368 1078 4428 desiderantur.
