3428 5070
1390 338 1422 395 13

197 457 282 509 'cam
299 449 405 510 artem
429 464 562 511 summa
579 464 655 512 cum
680 450 777 513 laude
794 450 907 513 docuit
912 475 921 528 3
942 451 1145 531 discipulum
1170 455 1282 516 autem
1300 452 1417 517 habuit

210 563 382 627 Malchum
404 565 500 627 illum
517 567 644 646 tyrium
658 562 689 653 ¹),
711 585 810 647 quem
835 567 1064 649 Porphyrium
1087 568 1205 632 deinde
1222 569 1417 647 nominavit,

212 699 399 762 magnoque
423 701 500 746 eum
523 701 656 765 semper
677 688 877 765 prosecutus
903 689 955 748 est
980 703 1102 768 amore,
1122 687 1223 748 etiam
1247 705 1332 763 cum,
1357 705 1420 750 sua

212 801 343 864 deserta
367 801 554 882 disciplina,
573 803 615 864 ad
638 802 810 865 Plotinum
832 803 1042 881 transiisset,
1062 804 1143 883 quin
1167 805 1276 868 serius
1292 805 1416 866 librum

209 896 293 1004 llcpl¹
314 912 409 1005 ὁρμῆς
435 921 465 984 ci
489 920 706 1001 nuncupavit,
733 937 887 1001 eumque,
912 922 1020 984 literis
1045 921 1125 1001 Tyri
1153 923 1288 1003 scriptis
1313 917 1346 1008 ²),
1372 923 1419 984 in-

132 1121 134 1126 ,
209 1035 333 1100 vitavit
356 1041 403 1114 ut,
430 1035 678 1102 confirmandae
703 1037 823 1100 salutis
848 1055 958 1114 causa,-
985 1056 1003 1101 e
1028 1038 1143 1102 Sicilia
1166 1039 1359 1119 Palmyram
1382 1057 1418 1102 se

208 1154 383 1218 conferret.

276 1269 308 1338 4.
335 1307 375 1317 -
408 1271 558 1354 Longino
574 1273 813 1336 clarissimum
841 1273 913 1354 jam
946 1289 1066 1336 nomen
1096 1274 1224 1353 adept0,
1257 1263 1424 1353 Septimia

210 1388 362 1466 Zenobia,
388 1390 667 1470 Palmyrenorum
690 1392 815 1473 regina,
850 1409 944 1472 quae,
971 1395 1104 1454 mortuo
1132 1391 1199 1454 iam
1224 1407 1310 1454 anno
1341 1394 1419 1471 post

212 1504 286 1568 Ohr.
304 1525 336 1569 n.
351 1506 530 1572 COLXVH
546 1508 741 1572 Odaenatho
759 1510 891 1586 marito,
910 1509 1060 1574 Orientis
1079 1509 1258 1590 imperium
1274 1509 1417 1584 tenebat,

211 1619 334 1686 mulier
358 1623 437 1687 elati
462 1625 564 1688 animi
582 1619 615 1712 ³),
638 1642 834 1707 graecarum
857 1626 1033 1688 literarum
1049 1626 1210 1706 magistro
1233 1625 1284 1686 uti
1300 1625 1417 1701 voluit,

210 1758 382 1822 quumque
405 1742 514 1823 ipsius
546 1742 719 1823 ingenium
750 1742 979 1822 perspexisset
1009 1759 1076 1804 non
1108 1742 1220 1805 minus
1253 1742 1294 1804 ad
1326 1745 1416 1804 artes

208 1859 301 1938 pacis
326 1876 427 1938 quam
450 1859 530 1922 belli
554 1860 720 1935 idoneum,
746 1859 832 1922 tanti
864 1859 929 1920 viri
956 1859 1043 1922 freta
1067 1859 1248 1940 prudentia
1278 1876 1418 1940 regnum

212 1974 331 2036 statuit
347 1974 593 2052 administrare,
613 1992 755 2055 eumque
774 1991 888 2037 rerum
904 1975 1124 2056 gerendarum
1142 1975 1307 2038 arbitrum
1329 1975 1418 2037 adhi·
1501 2018 1505 2024 -

210 2091 284 2153 buit
298 2086 332 2178 4).
359 2089 433 2169 Sed,
452 2112 472 2155 a
495 2092 645 2173 Longino
669 2093 816 2169 incitata,
835 2093 1003 2155 libertatis
1031 2093 1272 2169 amantissimo,
1298 2093 1417 2155 Roma-

211 2225 332 2271 norum
348 2209 465 2290 iugum
481 2213 635 2273 excutere
652 2210 768 2287 voluit,
786 2208 1043 2289 Aurelianoque,
1072 2210 1130 2290 qui
1147 2210 1263 2272 literas
1280 2210 1419 2272 miserat

213 2325 448 2389 «deditionem
478 2331 606 2406 petens,
639 2327 744 2389 vitam
776 2326 1031 2406 promittens....,
1066 2327 1245 2406 superbius
1275 2327 1417 2388 insolen-

216 2441 350 2522 tiusque
374 2442 558 2523 rescripsit,
574 2460 677 2522 quam
695 2442 767 2505 eius
786 2441 921 2505 fortuna
936 2442 1095 2522 poscebat
1112 2438 1133 2526 ⁵)
1147 2461 1176 2503 ›>.
1195 2440 1259 2504 Sed
1281 2445 1419 2522 propter

205 2714 274 2769 libri
288 2714 326 2772 ll.
338 2711 435 2781 τέλους
448 2715 578 2786 scripsit,
588 2711 791 2784 Porphyrium
806 2728 878 2770 suae
888 2710 1067 2782 disciplinae
1085 2712 1194 2767 Plotini
1206 2711 1421 2781 «philosophi»

206 2813 395 2883 disciplinam
416 2814 690 2885 praeposuisset&
709 2810 868 2886 (illectos)
888 2809 1090 2884 ἀποδεξάμενος
1115 2808 1295 2888 (Πορφύριος)
1314 2812 1422 2885 μᾶλλον

204 2910 255 2982 τῆς
272 2909 335 2989 παρ’
344 2910 412 2984 ἡμῖν
431 2909 542 2984 sicutte
560 2912 618 2972 κτλ.
640 2942 671 2954 -
691 2915 815 2982 insuper
833 2928 861 2966 v.
882 2927 949 2982 pag.
967 2911 1011 2966 40.

265 3005 286 3079 ¹)
306 3011 337 3064 V.
356 3010 482 3079 Eunapii
510 3013 606 3064 Vitam
624 3011 736 3078 Porph.
756 3011 787 3065 in
810 3009 863 3064 Vir.
877 3011 1047 3078 philosoph.
1072 3013 1100 3064 ct
1117 3010 1243 3076 sophim.

257 3097 280 3168 ²)
298 3101 377 3164 Quae
398 3099 483 3155 nobis
501 3098 624 3156 exstant
643 3100 672 3154 in
694 3100 851 3170 Porphyrii
879 3102 947 3154 Vita
965 3102 1039 3155 Prot.

258 3195 281 3262 3)
299 3203 394 3263 Quam
416 3210 574 3266 perperam
600 3197 734 3252 nonnulli
759 3197 935 3253 ludaeorum
955 3197 1094 3266 religioni
1108 3196 1272 3252 accessisse
1289 3195 1418 3252 tradide-

205 3299 286 3354 runt.

258 3395 281 3470 ⁴)
299 3398 421 3454 Photios
434 3398 465 3453 in
484 3396 620 3454 Bchic'oth.
633 3397 696 3453 cod.
715 3399 848 3466 CCLXV3
861 3427 896 3438 —
909 3397 1016 3455 Suidas
1036 3412 1066 3452 r.
1083 3395 1230 3468 Λογγῖνος
1251 3426 1285 3436 -
1298 3397 1421 3453 Flavius

205 3495 348 3564 Vopiscus
368 3498 397 3551 in
418 3498 521 3553 Aurei.

259 3590 282 3652 5)
299 3595 342 3648 Ex
362 3593 405 3648 Fl.
426 3594 543 3662 Vopisci
567 3594 595 3651 V.
615 3592 783 3662 Aureliani,
803 3609 830 3650 c.
852 3594 947 3663 26,27;
969 3594 1042 3649 haec
1062 3592 1166 3649 autem
1188 3591 1328 3661 epistola:
1347 3595 1421 3646 «Ze-

205 3692 302 3761 nobia,
329 3692 434 3762 regina
460 3693 600 3760 Orientis,
626 3693 787 3749 Aureliano
813 3693 962 3762 Augusto:
987 3695 1078 3748 Nemo
1107 3692 1212 3760 adhuc,
1240 3691 1360 3761 praeter
1383 3691 1422 3763 te,

205 3790 282 3858 quod
302 3791 399 3860 poscis
416 3791 512 3846 literis
531 3791 627 3861 petiit.
642 3790 759 3847 Virtute
778 3790 949 3846 faciendum
969 3791 1016 3846 est
1037 3790 1181 3860 quidquid
1201 3791 1231 3846 in
1252 3790 1341 3846 rebus
1360 3790 1418 3846 bel-

205 3889 271 3944 licis
290 3887 338 3944 est
356 3888 530 3957 gerendum.
548 3888 734 3944 Deditionem
755 3901 852 3944 menm
874 3888 960 3958 petis,
979 3889 1064 3958 quasi
1087 3888 1204 3943 nescias
1231 3886 1420 3957 Cleopatram

204 3987 342 4053 reginam
357 3987 455 4056 perire
469 3985 611 4043 maluisse
624 4000 713 4056 quam
727 3988 757 4041 in
772 3986 906 4056 qualibet
918 3986 1023 4042 vivere
1037 3985 1195 4055 dignitate.
1212 3985 1301 4041 Nobis
1317 3987 1421 4040 Persa·

205 4097 272 4140 rum
286 4084 401 4140 auxilia
414 4099 472 4140 non
486 4084 686 4154 desunt,quae
699 4085 760 4141 iam
774 4098 943 4154 speramus;
955 4099 1009 4148 pro
1023 4084 1107 4140 nohis
1124 4085 1194 4140 sunt
1209 4084 1420 4154 Saraceni,pro

205 4182 290 4238 nohis
304 4183 446 4238 Armenii.
460 4183 605 4239 Latrones
619 4184 685 4253 Syri
707 4183 874 4239 exercitum
887 4183 983 4252 tuum,
993 4183 1163 4252 Aureliane,
1179 4182 1333 4250 vicerunt;
1348 4183 1419 4251 quid

207 4282 307 4351 igitur,
321 4283 347 4340 si
361 4282 414 4338 illa
427 4283 547 4338 venerit
565 4297 772 4353 manuS‚q11ae
787 4283 917 4351 undique
937 4279 1096 4352 speratur?
1110 4285 1206 4338 Pones
1218 4281 1350 4351 profecto
1365 4296 1414 4336 su·

204 4383 373 4454 percilium,
386 4397 444 4451 quo
458 4396 536 4437 nunc
550 4381 623 4438 mihi
637 4381 925 4450 deditionemquasi
940 4381 1130 4437 omnifariam
1146 4381 1418 4452 victonimperas».
