3428 5070
1382 338 1418 399 37

202 455 339 519 maioris
365 458 507 522 alicuius
533 460 643 540 operis
671 455 692 546 Γ)
718 426 849 540 partem
875 459 1062 539 putandum
1086 477 1169 522 esse.
1188 459 1298 534 Quare
1316 461 1413 522 edere

202 591 268 636 non
292 575 476 638 dubitavit:
494 611 515 620 -
533 573 742 663 Πλουτάρχου
767 577 824 638 τοῦ
848 573 917 662 περὶ
943 571 1153 662 χαρακτήρων
1180 572 1316 657 βιβλίου
1342 575 1412 638 σύν-

202 713 309 777 ταγμα
334 689 370 754 rox
395 691 464 779 περὶ
490 685 618 775 &pocus

270 808 329 870 Cui
354 802 451 874 obiici
480 814 600 890 potest,
638 811 745 873 multa
769 810 847 873 licet
877 810 954 885 sint,
988 810 1077 888 quod
1109 810 1246 874 minime
1278 811 1434 892 mirum,¹

202 926 310 987 nostri
334 930 367 988 et
391 927 565 990 Plutarchi
592 929 627 990 in
650 929 747 989 libris
773 928 907 1006 similia,
926 927 1023 1000 ¹illud
1055 946 1074 990 a
1105 945 1184 990 vero
1217 928 1412 1014 longissime

202 1045 329 1119 abesse,
355 1045 444 1122 quod
470 1044 693 1108 confidentius
719 1046 869 1122 affirmet,
896 1045 1069 1108 Plutarchi
1093 1062 1232 1126 operum
1250 1061 1412 1108 commcn-

201 1161 344 1240 tariique
371 1159 408 1224 ll.
433 1156 463 1224 d.
489 1164 631 1225 cundem
657 1181 730 1226 csse
755 1163 881 1226 stilum.
916 1163 1011 1236 Quod
1034 1163 1063 1223 si
1093 1167 1235 1242 uterque
1266 1164 1413 1244 scriptor

202 1296 238 1340 se
274 1279 464 1342 Platonicae
498 1280 694 1360 disciplinae
732 1297 942 1360 summopere
978 1279 1150 1342 studuisse
1186 1280 1411 1357 demonstrat,

202 1393 383 1472 cademque
408 1395 447 1456 dc
473 1395 589 1456 multis
614 1395 807 1456 hominibus
836 1399 936 1474 atque
969 1394 1008 1456 de
1033 1393 1204 1455 nonnullis
1234 1395 1276 1456 ad
1307 1397 1413 1456 artem

201 1507 402 1570 rhetoricam
441 1509 688 1588 pcrtinentibus
721 1512 821 1573 rebus
853 1509 988 1586 sentire,
1020 1526 1086 1570 non
1117 1525 1224 1588 pauca
1259 1512 1339 1569 sunt
1373 1507 1412 1568 dc

202 1625 325 1704 quibus
349 1627 447 1706 plane
464 1626 644 1689 dissimilia
668 1627 720 1688 vel
736 1627 849 1706 potius
867 1625 1035 1688 contraria
1054 1624 1178 1686 iudicia
1195 1625 1346 1688 tulerunt
1366 1619 1410 1708 ²);

201 1741 405 1820 minimeque
430 1741 526 1804 facile
551 1743 724 1804 intellectu
749 1742 892 1816 videtur,
917 1741 1082 1821 quomodo
1099 1739 1174 1802 fieri
1190 1741 1358 1821 potuisset
1374 1740 1408 1800 in

201 1859 361 1939 catalogo,
386 1860 443 1939 qui
468 1859 650 1921 Plutarcho
674 1860 782 1939 plura,
809 1876 910 1938 quam
933 1876 1018 1937 quae
1051 1858 1238 1938 scripserit,
1274 1859 1410 1934 tribuat,

200 1991 340 2054 operum
364 1971 443 2059 Περὶ
468 1971 682 2058 Ξενοφῶντος,
709 1969 788 2059 Περὶ
816 1959 995 2042 corticeum
1022 1970 1124 2058 λόγων
1149 1977 1182 2035 et
1214 1973 1414 2053 praesertim

200 2093 303 2154 huius
328 2088 366 2154 ll.
392 2083 422 2153 ὕ.
448 2092 688 2169 commentarii,
714 2127 734 2136 -
759 2091 817 2170 qui
841 2095 990 2153 ceterum
1021 2107 1088 2151 non
1108 2090 1219 2170 operis
1244 2108 1334 2170 pars,
1353 2090 1413 2151 sed

200 2225 285 2288 opus
309 2207 477 2287 integrum
501 2208 679 2270 manifeste
703 2211 842 2286 apparet
866 2202 898 2291 ³),
927 2241 948 2250 -
982 2206 1175 2267 pontionem
1198 2204 1410 2285 praetermis-

203 2342 277 2386 sam
300 2324 415 2387 fuisse.

748 2761 861 2844 IV.

272 3041 316 3110 19.
345 3043 449 3105 —Ut
472 3043 533 3103 has
559 3041 777 3122 gravissimas
794 3040 1007 3101 difficultates
1033 3038 1227 3116 effugerent,
1249 3038 1405 3118 omnique

201 3180 238 3224 se
256 3161 410 3223 molestia
427 3160 605 3234 solverent,
629 3157 781 3219 nonnulli
792 3151 953 3242 ⁴)opinati
970 3160 1050 3217 sunt
1066 3156 1178 3233 ignoto
1195 3154 1294 3216 alicui
1311 3154 1411 3234 primi

200 3277 254 3340 vel
278 3277 415 3340 secundi
432 3279 510 3356 post
533 3275 608 3335 dhr.
628 3292 659 3335 n.
689 3273 817 3336 saeculi
843 3273 999 3353 scriptori
1024 3272 1149 3333 librum
1167 3269 1205 3335 ll.
1223 3264 1248 3333 t.
1266 3271 1412 3333 tribuen-

201 3397 282 3458 dum
306 3413 389 3457 esse.

270 3511 333 3573 Sed
365 3512 394 3572 si
426 3510 578 3590 ignotum
603 3509 857 3571 nobistantum
887 3513 1016 3589 putent,
1045 3508 1309 3571 controversiam
1332 3507 1412 3570 effu-

204 3685 364 3696 --——

254 3783 275 3854 ¹)
292 3785 371 3840 Idcst
391 3799 416 3838 n.
444 3783 586 3838 LXXXIV
612 3783 642 3838 in
670 3783 757 3838 catal.
789 3782 898 3837 notati:
923 3784 964 3836 Dc
987 3778 1094 3848 fornn's
1121 3782 1242 3836 dicendi
1269 3780 1417 3851 (Wittem

198 3881 344 3953 bachius).

250 3978 272 4049 2)
291 3979 351 4036 Cir.
371 3995 418 4034 ex.
438 3994 482 4047 gr.
502 3976 538 4033 Π.
558 3977 586 4033 t'.
608 3994 632 4033 c.
653 3979 686 4032 lV
706 3978 742 4032 de
762 3977 900 4032 Herodoti
922 3976 1160 4046 Septemiacum
1177 3977 1253 4031 Plut.
1276 3979 1304 4032 V.
1318 3978 1413 4044 Alere„

196 4094 224 4134 c.
244 4076 295 4145 213
315 4074 352 4132 ll.
369 4075 396 4134 d.
410 4091 437 4132 c.
457 4077 516 4145 Xll,
537 4075 574 4130 de
595 4076 653 4130 Cic.
673 4077 705 4130 ct
724 4076 875 4130 Demosth.
890 4088 1111 4144 cornpa1·.,cum
1127 4074 1204 4128 Plut.
1223 4076 1251 4130 V.
1262 4073 1415 4139 hemona,

197 4195 224 4236 c.
245 4177 306 4232 2-3.
642 4173 649 4190 ¹

249 4276 271 4348 3)
293 4278 322 4332 V·
343 4292 410 4345 uas·
430 4277 474 4346 ⁴6,
494 4273 528 4346 ⁶)-

253 4377 276 4451 ⁴)
294 4380 326 4432 V.
346 4393 414 4447 pag.
437 4378 481 4447 23,
501 4376 531 4449 ¹).
