3428 5070
309 335 344 390 48

315 445 380 510 Sed
411 448 495 510 satis
524 447 588 510 erit
618 447 714 510 nobis
745 447 804 510 iila
836 465 921 526 quae
954 447 988 510 in
1021 465 1046 509 c.
1072 447 1113 522 Χ,
1148 483 1169 491 -
1193 443 1395 526 quibusdam
1419 445 1519 505 rebus

314 566 436 626 natura
459 564 622 645 quaedam
646 564 905 627 concomitantia
934 564 1055 638 inesse,
1081 581 1166 644 quae
1199 560 1281 642 ipsis
1313 577 1389 622 cum
1417 559 1518 620 rebus

316 680 516 757 moriantur,
541 684 574 742 et
597 680 816 743 sublimitatis
841 681 913 742 sine
930 680 999 741 ullo
1027 680 1127 742 dubio
1158 678 1362 753 sintfontes
1380 680 1519 754 -atque

314 797 349 858 in
381 815 406 858 c.
438 797 547 873 XXX,
577 832 599 842 -
627 799 730 860 verba
753 798 883 859 lumina
904 797 1041 877 propria
1064 813 1138 858 esse
1162 794 1284 857 mentis
1310 788 1341 878 ¹),
1368 828 1390 837 -
1407 791 1519 855 ¹confe-

314 914 418 976 renda
439 929 624 994 proponere
649 932 725 976 cum
749 914 830 974 loeis
855 913 948 976 Artis
980 912 1165 976 rhetoricae
1196 912 1231 973 in
1256 910 1422 990 capitibus
1447 904 1519 994 περι·

317 1023 466 1116 εὑρέσεως
491 1027 511 1111 ²)
539 1033 572 1092 et
597 1026 668 1115 περὶ
694 1021 806 1100 λέξεως
831 1025 869 1103 ³),
894 1029 952 1108 qui
977 1028 1111 1090 easdem
1134 1026 1319 1090 sententias
1345 1025 1467 1086 ferunt,

381 1145 450 1207 Nec
474 1144 614 1206 minoris
639 1149 719 1207 sunt
744 1143 905 1206 nonnulla
927 1144 962 1206 in
986 1143 1072 1204 libro
1096 1138 1136 1206 Π.
1160 1137 1188 1204 ὕ.
1213 1145 1246 1204 et
1270 1140 1411 1221 Longini
1430 1140 1522 1204 Com-

314 1263 477 1324 mentario
507 1263 542 1323 in
573 1261 747 1324 Timaeum
780 1279 820 1322 ex
852 1262 969 1323 Proclo
993 1257 1016 1347 ⁴)
1042 1260 1184 1339 aliisque
1209 1259 1414 1340 fragmentis
1441 1275 1518 1322 cum

325 1486 485 1498 m

365 1607 387 1679 ¹)
407 1611 438 1664 C.
459 1610 495 1664 X.
517 1609 599 1664 locus
619 1609 662 1663 sic
682 1621 714 1663 sc
737 1607 840 1664 habet:
859 1603 967 1672 Ἑπιιδή
986 1605 1052 1663 πᾶσι
1069 1609 1127 1671 τοῖς
1140 1608 1277 1682 πράγμασι
1291 1606 1529 1683 φύσεισονεδρεόει

308 1702 372 1764 τιναΙ
389 1705 473 1784 μόρια
492 1707 556 1772 ταῖς
575 1703 653 1769 ὕλης
672 1705 892 1780 σονυπσῖρχονπα,
913 1701 943 1776 ἐξ
964 1701 1087 1776 α’νοίγκης
1108 1701 1206 1776 γένοιτ’
1226 1703 1260 1759 ἅν
1285 1702 1351 1775 η’μῖν
1373 1702 1459 1776 ὕψους
1485 1701 1529 1760 αἴ-

311 1825 369 1862 τιον
389 1808 467 1875 κτλ.;
489 1820 513 1858 r.
533 1804 632 1860 atatem
648 1806 743 1858 XXX:
758 1801 822 1870 Φῶς
840 1801 894 1880 γσίρ
913 1807 951 1874 τῷ
972 1801 1030 1862 ἕντι
1050 1801 1117 1861 ἴδιον
1129 1805 1176 1863 τοῦ
1192 1805 1236 1861 νοῦ
1250 1800 1290 1858 ται
1303 1798 1379 1859 καλοῖ
1393 1800 1528 1872 ὀνόματα.

363 1903 386 1975 ²)
406 1901 440 1959 Τ.
460 1902 493 1978 ρ’,
515 1924 539 1958 π.
559 1899 626 1978 εὕρ,
646 1903 676 1956 9:
697 1900 788 1978 ἕτερον
805 1893 876 1968 εἶδος
895 1901 1051 1977 διαιρέσεως
1070 1901 1131 1959 τόδε
1152 1899 1375 1960 α’νυοτικιντατσν
1397 1899 1435 1965 εἰς
1454 1899 1528 1976 εὔρε-

310 2022 358 2068 σιν,
376 1996 412 2058 τοί
431 1995 626 2071 συμβεβηκότα
645 1996 695 2054 καί
714 1997 752 2056 roi
772 1996 978 2078 συννποίρχοντα
998 1997 1058 2066 τοῖς
1081 1997 1232 2074 προσώποις
1257 2011 1293 2057 σι’
1314 1994 1364 2054 καί
1386 1994 1529 2072 πράγμασι

310 2096 466 2169 διαβλέπειν
484 2099 547 2154 κτλ.

361 2195 385 2268 ³)
404 2196 439 2254 T.
454 2195 489 2276 p'.‚
507 2195 609 2268 π.).ε’ξ.,
628 2195 675 2252 17:
695 2195 751 2273 φῶς
763 2195 816 2273 peip
831 2195 918 2273 ὥσπερ
938 2195 991 2254 τιῖν
1011 2193 1184 2268 ἐννοημάτων
1202 2217 1232 2254 τε
1245 2191 1295 2252 καί
1306 2192 1529 2272 ἐπιχοιρημσίτιιν

308 2291 322 2348 o'
341 2291 464 2358 τοιοῦτος
483 2291 576 2363 λόγος.

360 2387 382 2459 ¹¹)
401 2392 454 2444 Ex.
475 2404 518 2458 gr.
540 2419 553 2431 -
574 2395 606 2452 α)
626 2390 730 2460 fragm.
751 2405 858 2447 comm.
877 2390 985 2460 Procli,
1005 2405 1023 2446 a
1042 2390 1251 2458 vincentiam
1272 2389 1357 2446 codd.
1370 2403 1439 2446 mss
1455 2390 1529 2445 1838

314 2488 345 2543 et
364 2487 432 2544 1841
453 2489 590 2544 Biblioth.
609 2489 700 2559 paris.
720 2489 888 2558 iuventam,
906 2490 1000 2545 verba
1024 2490 1157 2558 Longino
1184 2489 1304 2544 tribuit:
1324 2486 1410 2567 χάριν
1428 2509 1458 2546 τι
1477 2485 1529 2545 και·

308 2582 374 2658 ὕψος
394 2581 558 2661 ἀμφοτέροις
575 2587 689 2648 (κώλοις
709 2585 879 2641 Platonicae
898 2585 1025 2656 periodi)
1047 2583 1243 2660 προστεθῆναις
1261 2587 1292 2641 et
1305 2587 1423 2642 subter:
1443 2583 1530 2660 ὕψοσο

307 2681 356 2752 τήν
373 2681 438 2748 ὅλην
456 2683 593 2762 περίοδον.
615 2683 656 2740 Ad
678 2697 753 2753 quas
778 2684 945 2740 locutiones
970 2684 1048 2753 quod
1074 2685 1194 2754 attinet,
1221 2684 1528 2740 animadvertendum

307 2782 355 2836 est
373 2782 404 2836 et
422 2782 580 2837 auctorem
602 2781 739 2838 nostrum
757 2776 828 2854 σ’ψσς
848 2797 936 2852 saepe
950 2797 1017 2838 cum
1032 2783 1091 2838 alio
1106 2785 1205 2853 verbo,
1220 2784 1256 2839 ad
1272 2783 1529 2853 pulchritudinem

308 2880 513 2949 orationisque
532 2880 675 2937 ornatum
691 2881 863 2950 pertinenti,
882 2881 1083 2937 coniunxisse,
1097 2882 1151 2937 Sed
1166 2883 1238 2937 haec
1258 2881 1384 2952 protulit
1399 2885 1433 2937 Α.
1448 2884 1528 2937 Vau-

309 2980 416 3035 cberus
436 2980 466 3034 iu
488 2994 560 3035 suae
581 2979 653 3036 edit.
674 2979 841 3050 prooemio:
864 2982 927 3036 «Le
947 2980 1009 3036 mot
1026 2979 1107 3055 ὄψις,
1126 2981 1204 3036 ainsi
1230 2995 1304 3050 ques
1330 2995 1377 3038 scs
1406 2981 1530 3038 derives
1560 3049 1566 3066 .

308 3079 340 3133 et
358 3091 406 3134 ses
428 3081 592 3148 composes
612 3079 642 3134 ia
660 3078 784 3148 plupart
803 3078 838 3133 de
858 3093 906 3134 ses
926 3093 1109 3148 synonymes
1128 3079 1159 3135 et
1177 3080 1214 3135 de
1233 3093 1282 3135 ses
1298 3079 1473 3148 contraires,
1488 3095 1528 3135 ne

310 3190 342 3231 se
362 3176 552 3231 rencontrait
573 3191 628 3245 pas
646 3176 722 3232 (lans
741 3177 771 3232 la
790 3176 971 3246 Rhe'torique
989 3177 1025 3232 de
1045 3179 1167 3247 Longin.
1186 3181 1266 3234 Nous
1286 3193 1419 3248 pouvons
1443 3178 1529 3232 eten-

311 3275 365 3330 dre
384 3274 462 3330 cette
482 3274 674 3331 observation
696 3275 800 3331 atous
820 3275 862 3330 les
882 3275 1022 3332 rhetenrs
1036 3290 1129 3344 grets,
1141 3277 1200 3345 qui,
1211 3277 1317 3345 depuis
1330 3277 1528 3344 Hermogene,

309 3374 363 3429 ont
381 3373 472 3429 traite
492 3374 529 3429 de
549 3371 569 3428 1’
578 3373 738 3430 elocution.
757 3375 796 3430 ils
815 3388 847 3430 se
868 3373 1001 3444 servent,
1022 3389 1098 3444 pour
1120 3375 1274 3444 exprimer
1292 3376 1322 3431 la
1342 3374 1476 3444 majesta,
1495 3375 1529 3432 la

313 3470 449 3526 noblesse
468 3471 508 3527 du
537 3471 623 3540 style,
648 3471 700 3527 des
729 3471 806 3528 mots
834 3469 958 3543 μέγεθος,
978 3485 1016 3527 ou
1045 3467 1156 3546 μεγέθη,
1175 3469 1298 3545 ἀξίωμα,
1323 3467 1402 3542 ὄγκος
1428 3485 1529 3528 ece.›.

306 3572 387 3635 Quae
405 3583 494 3638 quam
516 3571 602 3639 parvi
625 3571 685 3626 sint
706 3584 794 3626 nemo
814 3571 861 3628 est
880 3571 951 3640 quin
972 3570 1084 3634 videat,
1102 3585 1178 3641 eum,
1199 3572 1309 3626 utnon
1330 3569 1360 3626 in
1375 3570 1445 3625 Arte
1459 3571 1528 3625 rhe-

306 3667 411 3738 torica,
432 3667 542 3738 tamen,
562 3668 639 3725 teste
661 3670 778 3739 Proclo,
800 3670 829 3724 iu
851 3669 911 3726 alio
931 3685 1020 3740 opere
1038 3670 1190 3739 Longinus
1209 3668 1275 3744 ὕψος
1295 3670 1325 3724 et
1341 3667 1418 3743 σ’ψόω
1439 3685 1528 3726 usur·

306 3767 440 3835 paverit;
459 3782 517 3837 quo
540 3767 573 3822 iit
594 3767 628 3823 ut
647 3768 793 3824 vaucheri
814 3768 868 3824 iiia
888 3769 924 3824 de
947 3767 1118 3824 rhetoribus
1146 3768 1325 3836 Hermogeni
1351 3767 1526 3837 posteriori·

244 3891 245 3896 *
310 3863 366 3920 bus
384 3864 496 3920 mirum
515 3865 546 3920 in
568 3865 690 3921 modum
709 3865 842 3935 opinioni
864 3865 986 3922 nostrae
1005 3865 1218 3934 suffragentur.

358 3959 391 4034 β)
409 3964 570 4020 Praeterea
589 3965 725 4020 nonnulii
746 3964 817 4022 sunt
836 3965 915 4035 apud
934 3965 1073 4022 Proclum
1093 3964 1218 4033 Longini
1232 3963 1342 4034 loci,in
1356 3964 1472 4035 quibus,
1482 3965 1523 4021 de

306 4061 440 4117 Platonis
459 4061 612 4118 scribendi
633 4077 742 4131 genere
762 4064 793 4118 et
812 4062 990 4133 praesertim
1010 4063 1046 4118 de
1065 4062 1235 4118 immodicis
1248 4062 1314 4118 eius
1326 4061 1524 4132 metaphoris,

306 4158 411 4215 cadem
430 4160 521 4228 atque
544 4159 574 4214 in
595 4159 695 4215 libello
716 4160 829 4229 nostro,
849 4159 961 4216 iudicia
979 4159 1184 4230 proferantur.
1203 4160 1268 4216 Uno
1289 4158 1323 4213 ut
1342 4157 1411 4214 utar
1423 4174 1527 4217 exem·

307 4257 364 4324 plo,
383 4256 435 4314 cir.
455 4253 491 4311 Π.
511 4255 537 4312 ὕ.
556 4270 582 4310 c.
602 4256 719 4326 xxxii,
732 4258 762 4312 in
782 4272 840 4326 quo
860 4258 933 4312 haec
952 4256 1108 4325 leguntur:
1127 4253 1172 4314 τόν
1192 4251 1331 4314 Πλάτωνα
1348 4251 1404 4334 οὐχ
1418 4252 1526 4321 ἥκιστα

304 4351 467 4433 διασύρουσι,
487 4352 627 4422 πολλάκις,
645 4351 730 4434 ὥσπερ
750 4351 800 4412 ὑπό
819 4351 964 4439 βακχείας
982 4349 1057 4428 τινός
1075 4352 1128 4422 τῶν
1145 4353 1242 4434 λόγων,
1255 4349 1295 4427 εἰς
1313 4350 1453 4432 α’κροίτους
1468 4351 1523 4412 κσιιι
