3428 5070
305 301 340 373 io

309 430 531 512 Xenophonte
555 436 588 494 et
610 423 807 511 Eurylocho,
833 420 994 493 orationis
1010 449 1147 494 cursum
1174 449 1373 512 magnopere
1406 424 1509 494 conci-

185 539 187 544 ’
307 542 381 612 tant
404 532 443 623 (c.
468 532 572 622 XIX),
597 537 796 616 praesertIm
820 536 849 597 si
874 555 949 599 cum
973 537 1048 599 aliis
1072 536 1192 617 figuris
1218 538 1409 617 iungantur,
1434 557 1511 617 qua·

309 672 385 716 rum
415 653 629 729 coacervatio,
662 657 700 714 ut
730 653 967 716 Demosthenis
998 653 1061 716 loci
1091 653 1243 715 nonnulli
1267 654 1507 730 demonstrant,

308 767 523 830 acrimoniam
547 769 767 847 ornatumque
792 772 915 848 augent
939 763 977 854 (c.
1003 762 1081 853 XX)
1094 792 1102 846 ;
1127 769 1271 831 vinculis
1299 773 1415 832 contra
1439 787 1511 831 con·

308 887 517 949 iunctionum
541 885 647 948 oratio
671 890 850 949 enervatur
874 879 911 971 (c.
929 881 1035 972 XXI).
1054 887 1104 949 Ex
1120 888 1235 950 eodem
1263 905 1382 968 genere
1410 888 1512 950 etiam

306 1006 493 1085 hyperbata
516 1009 605 1080 sunt,
631 1021 716 1083 quae
747 1004 924 1080 interdum,
950 1021 1064 1066 rerum
1091 1005 1206 1068 ordine
1239 1006 1424 1081 immutato,
1459 1024 1512 1066 na-

307 1126 418 1184 turam
442 1122 634 1198 imitantur;
660 1120 770 1199 iisque
795 1121 965 1200 sapienter
989 1121 1191 1198 Herodotus,
1217 1121 1351 1200 saepius
1386 1121 1512 1200 Thucy·

307 1240 410 1316 didos
436 1239 633 1320 saepissime
657 1238 882 1300 Demosthene
907 1237 960 1299 usi
985 1242 1065 1301 sunt
1090 1232 1127 1323 (c.
1154 1233 1285 1324 XXII);
1310 1238 1364 1299 hIs
1395 1239 1513 1300 adden-

307 1356 349 1417 da
371 1356 545 1436 polyptota
568 1359 601 1417 et
624 1353 768 1431 similia3
793 1353 941 1433 itemque
966 1372 1182 1417 numerorum
1219 1356 1443 1432 commutatio
1476 1359 1515 1416 ut

307 1472 396 1552 apud
418 1471 624 1561 Sophoclem,
650 1470 707 1548 qui
732 1469 920 1550 pluralibus
954 1488 1054 1549 saepe
1077 1471 1333 1550 amphtudinem
1364 1469 1514 1550 magnifi-

306 1587 515 1664 centiamque
539 1587 679 1666 adeptus
704 1589 755 1646 est
780 1579 817 1669 (c.
843 1579 983 1671 XXIII),
1009 1585 1062 1648 vel
1087 1587 1176 1666 apud
1198 1586 1460 1649 Demosthenem
1480 1590 1512 1648 et

305 1694 522 1768 Herodotum,
547 1692 605 1771 qui
628 1691 856 1772 singularibus
880 1692 950 1754 vim
974 1694 1143 1772 quandam
1169 1698 1202 1755 et
1235 1694 1434 1772 gravltatem
1463 1712 1513 1756 as·

306 1802 412 1864 secuti
444 1805 525 1863 sunt
555 1795 593 1886 (c.
626 1794 753 1885 XXIV)
779 1793 827 1884 ¹);
860 1804 1058 1880 temporum,
1091 1801 1192 1865 utin
1223 1802 1446 1881 Xenophonte
1479 1807 1514 1864 et

305 1917 497 1996 Thucydide
523 1910 561 2001 (c.
586 1909 714 2000 XXV),
739 1932 967 1994 personarum,
994 1932 1079 1994 quae
1103 1915 1207 1978 variis
1229 1916 1337 1978 modis
1355 1915 1395 1978 fit
1403 1941 1411 1994 3
1437 1917 1514 1979 alte-

305 2035 377 2096 rius
400 2033 532 2113 generis
561 2032 713 2112 exempla
744 2031 921 2107 Homerus,
954 2032 1089 2108 Aratus,
1123 2032 1314 2095 Herodotus
1353 2035 1515 2112 praebent

305 2146 344 2236 (c.
368 2145 509 2235 XXVI),
539 2150 688 2225 alterius,
722 2152 855 2228 praeter
886 2149 1080 2225 Homerum,
1106 2148 1295 2211 Hecataeus
1328 2153 1361 2211 et
1396 2150 1513 2211 Demo·

308 2267 444 2329 sthenes
476 2260 514 2351 (c.
539 2259 692 2349 XXVII).
726 2263 939 2344 Periphrasis
976 2268 1088 2326 autem
1124 2280 1364 2344 saepenumero
1396 2266 1514 2328 oratio·

304 2401 381 2445 nem
405 2386 544 2445 exornat
573 2380 773 2460 attollitque,
807 2385 846 2442 ut
877 2380 1039 2457 Platonis,
1071 2380 1315 2460 Xenophontis,
1352 2382 1514 2444 Herodoti

305 2500 466 2580 exemplis
491 2500 727 2578 comprobatur
751 2491 790 2582 (c.
815 2493 975 2584 XXVIII)
984 2521 993 2575 3
1018 2498 1085 2559 nisi
1110 2498 1140 2559 si
1165 2499 1251 2577 qum,
1276 2499 1311 2560 in
1329 2517 1394 2578 quo
1416 2499 1515 2561 inter-

305 2619 384 2679 dum
407 2617 479 2698 ipse
503 2615 600 2678 Plato
624 2616 758 2692 erravit,
785 2633 824 2678 ea
847 2615 1021 2678 immodice
1055 2615 1108 2678 vel
1131 2614 1366 2696 intempestive
1397 2620 1515 2678 utatur

304 2729 342 2820 (c.
366 2728 506 2820 XXIX).

370 2851 435 2914 Sed
458 2851 516 2930 qui
540 2851 658 2913 scribit
681 2850 733 2912 vel
757 2849 908 2929 loquitur
924 2829 972 2912 ne
996 2851 1175 2912 verborum
1192 2851 1327 2930 quidem
1343 2850 1511 2915 delectum

303 2969 400 3030 debet
423 2966 599 3046 negligere,
626 2983 704 3028 nam
727 2966 869 3045 pulchra
892 2966 994 3027 verba
1019 2966 1140 3028 mentis
1159 2966 1272 3027 lumen
1290 2970 1378 3043 srmt,
1397 2983 1510 3044 quam·

303 3103 405 3165 quam
428 3102 543 3146 eorum
567 3083 726 3162 splendor
748 3081 1063 3163 magnificentiaque
1088 3101 1155 3146 non
1173 3084 1328 3146 omnibus
1347 3085 1509 3146 craticule

302 3201 456 3282 partibus
481 3199 684 3262 conveniunt
709 3192 746 3282 (c.
771 3192 892 3284 XXX).
918 3198 1007 3272 Quin
1032 3203 1065 3261 et
1088 3200 1224 3280 vulgare
1254 3200 1385 3262 dicendi
1401 3217 1508 3280 genus

303 3318 472 3380 interdum
495 3333 561 3378 non
585 3315 695 3378 solum
719 3334 739 3378 a
762 3316 892 3378 vilitate
916 3315 1129 3393 disiunctum,
1156 3318 1216 3379 sed
1239 3335 1341 3396 quam
1364 3317 1509 3385 maxime

302 3437 344 3498 ad
366 3435 451 3497 illud
474 3434 563 3513 quod
587 3431 847 3513 signIfieandum
872 3434 917 3496 sit
941 3436 1228 3498 accommodatum
1250 3436 1392 3513 videtur,
1418 3436 1516 3497 utin

302 3551 519 3624 Anacreonte,
546 3547 768 3629 Theopompo,
794 3549 963 3612 Herodoto
989 3543 1026 3635 (c.
1054 3544 1207 3636 XXXI)).
1234 3550 1370 3630 Copiam
1399 3556 1513 3614 autem

302 3666 575 3746 metaphorarum
598 3667 685 3728 male
710 3667 859 3728 iudicant
881 3666 979 3728 multi
1009 3683 1083 3728 esse
1117 3667 1306 3746 vitandam,
1342 3669 1517 3748 probanda

303 3785 356 3844 est
379 3781 468 3842 enim
491 3781 548 3843 ubi
573 3781 713 3844 affectus
736 3781 938 3862 praecipites
963 3787 1152 3862 erumpunt,
1179 3800 1246 3861 qna
1269 3783 1304 3845 in
1332 3801 1367 3846 re
1392 3788 1519 3846 certam

303 3897 399 3959 nobis
423 3915 574 3959 normam
597 3898 842 3960 Demosthenes
865 3898 1012 3978 praebet,
1040 3913 1099 3959 nec
1127 3915 1193 3960 non
1219 3898 1254 3959 in
1286 3898 1517 3979 descriptioni-

302 4014 375 4088 bus,
401 4015 439 4075 ut
461 4012 648 4093 Xenophon
674 4014 807 4093 optime,
832 4014 945 4076 divine
972 4029 1051 4075 vero
1076 4013 1175 4075 Plato
1203 4014 1361 4077 lecerunt.
1377 4013 1516 4077 Verum-

352 4343 371 4416 ¹)
391 4346 480 4400 Sexta
499 4343 627 4400 duorum
647 4343 696 4401 fol.
716 4344 835 4401 lacuna.
