3428 5070
1376 343 1416 402 49

198 464 323 534 contra,
350 465 388 523 ut
411 478 514 542 supra
537 459 851 536 demonstravimus,
880 477 1053 542 perpauca
1075 457 1300 542 discrepantia
1317 459 1412 524 fricilc

197 576 355 656 explicari
378 577 511 657 possint
537 572 568 662 ¹),

262 688 317 757 31.
345 727 385 738 -
409 692 498 765 Quid
521 694 643 773 plural
667 693 789 756 Omnia
821 710 905 773 quae
939 697 1081 755 exstant
1114 692 1255 773 Longini
1288 693 1413 774 scripta

197 813 415 888 veterumque
439 811 641 888 testimonia,
667 827 744 873 eum
768 811 869 872 talem
886 810 993 872 fuisse
1019 810 1260 885 demonstrant,
1279 810 1412 890 (qualem

198 942 233 986 se
258 929 374 987 auctor
398 925 501 987 libelli
528 922 564 986 ll.
590 922 617 987 ὕ,
641 930 806 1006 praestat:
834 941 1005 987 censorem
1036 927 1185 998 acutum,
1213 941 1325 986 rerum
1342 925 1412 986 rho-

195 1042 376 1105 toriearum
404 1046 437 1104 et
468 1043 683 1106 metricorum
715 1038 737 1128 ²)
772 1043 1047 1122 peritissinnnn;
1075 1046 1206 1103 veteres
1231 1041 1412 1120 scriptores

195 1159 333 1239 plurimi
358 1159 535 1221 habentem
547 1154 580 1245 ³),
606 1160 762 1240 aequales
787 1163 911 1235 contra,
940 1163 979 1221 ut
1005 1158 1141 1238 saepius
1166 1157 1320 1233 diximus,
1340 1176 1411 1220 con-

196 1279 416 1352 temnentem;
442 1277 553 1356 magni
579 1277 704 1356 ingenii
728 1276 977 1357 philosophum,
1011 1275 1080 1354 qui,
1107 1274 1282 1335 Platonem
1313 1274 1412 1352 magi-

197 1385 307 1444 strum
331 1383 502 1458 adhibens,
527 1383 776 1463 philosophiam
801 1400 877 1445 cum
902 1382 1099 1460 eloquentia
1131 1380 1304 1442 coniunxit
1330 1385 1411 1442 cete·

195 1488 309 1568 risque
335 1489 473 1554 artibus.
500 1490 623 1567 quibus
649 1489 842 1568 eloquentia
872 1489 974 1551 alitur
999 1493 1032 1550 et
1055 1492 1213 1568 augetur3
1239 1489 1273 1548 et
1294 1486 1330 1546 in
1346 1487 1410 1566 pri-

195 1606 260 1668 mis
284 1606 395 1667 virum
419 1606 506 1668 elato
531 1595 641 1668 animo
667 1605 837 1684 nobilique
867 1605 1066 1684 praeditum,
1094 1621 1194 1682 quem
1225 1619 1301 1663 cum
1329 1602 1409 1665 inte-

196 1739 254 1801 gre
277 1719 395 1784 'vivens
420 1727 492 1784 tum
516 1721 659 1802 gloriose
684 1722 831 1783 moriens
858 1720 1108 1782 demonstravit.

264 1837 383 1914 Quare,
410 1855 486 1900 eum
503 1839 568 1900 nisi
586 1838 787 1900 coniecturis
811 1841 956 1916 nequeat
973 1837 1200 1899 controversia
1217 1836 1311 1912 solvi,
1329 1836 1410 1897 haec

201 1955 298 2019 nohis
323 1956 435 2035 opinio
459 1955 665 2037 probabilior
688 1955 830 2031 videtur,
858 1955 971 2035 ipsum
994 1953 1183 2034 Longinum
1214 1953 1319 2015 libelli
1351 1953 1408 2033 qui

198 2067 239 2134 ll.
263 2067 361 2154 ὕψους
385 2071 582 2136 inscribitur
605 2075 775 2133 auctorem
799 2070 914 2132 fuisse.

192 2346 305 2415 α’πηνεῖς
324 2348 558 2427 potameda...
580 2347 757 2426 ἐκφερόμενον
777 2365 806 2416 -;
825 2361 892 2402 eum
913 2347 966 2400 hoe
986 2345 1093 2413 fragm.
1116 2344 1302 2412 Longiniano
1315 2346 1363 2411 (Xl
1384 2345 1412 2398 in

198 2448 344 2503 Vauolreri
366 2447 463 2520 euim:
482 2446 619 2506 Ηλοὶτωνα
638 2444 665 2504 δὲ
684 2445 713 2502 ἐν
732 2445 780 2518 μέν
798 2444 833 2526 τῇ
853 2439 950 2522 χρήσει
970 2440 1023 2503 τῶν
1043 2439 1186 2515 abendam
1205 2441 1356 2526 ᾐτιάσαντό
1374 2452 1413 2498 τι·

197 2564 239 2610 νες
259 2541 295 2610 ὠς
313 2542 484 2621 μεταφοραῖς
504 2546 652 2623 χρώμενον.

250 2642 272 2712 ¹)
292 2645 324 2697 V.
346 2658 412 2712 pag.
431 2642 475 2698 42.

248 2741 271 2805 2)
292 2741 349 2796 Csr.
370 2741 494 2809 Longini
516 2740 563 2796 Ta*
580 2740 764 2818 προλεγὸμενα
784 2740 823 2808 εἰς
842 2737 873 2798 τὲ
894 2738 941 2797 τοῦ
960 2737 1084 2815 ‘liparea
1105 2735 1242 2814 ε’γχετρίδ.
1256 2750 1324 2793 oum
1338 2735 1375 2793 ll·
1388 2736 1412 2793 ὅ.

191 2857 215 2894 c.
237 2841 367 2908 XXXIX,
389 2841 448 2908 XL,
470 2842 539 2897 XLI.

245 2937 268 3000 ³)
289 2938 403 2994 Ceteris
422 2938 551 3007 omissis,
571 2940 625 2999 cfr.
645 2941 768 3009 Longini
791 2955 865 3009 opus
884 2937 916 2994 Ὁ
935 2934 1115 3014 φιλαρχαῖος,
1134 2935 1219 2990 cuius
1239 2934 1286 2990 est
1299 2934 1412 2990 mentio

192 3039 272 3106 apul
294 3038 494 3107 Porphyrium
514 3038 544 3091 in
572 3041 599 3092 V.
622 3042 696 3094 Ptol.
717 3040 789 3107 loeo,
808 3051 896 3108 quem
919 3049 1076 3106 perperam
1103 3033 1191 3088 multi
1217 3033 1408 3102 interpretati

191 3137 274 3205 sunt,
296 3136 338 3191 ita
359 3137 393 3191 ut
412 3136 463 3191 ‹lin
484 3137 584 3205 operis
605 3137 712 3193 titulus
737 3137 902 3207 epithetum
922 3134 1111 3190 laudativum
1139 3129 1412 3189 haberetur:¹1lra·

193 3233 360 3304 γνωσθέντος
379 3232 408 3291 δέ
427 3231 502 3305 αύτῷ
521 3233 670 3306 (Illuciam)
690 3233 736 3293 τοῦ
756 3256 785 3294 τε
805 3230 877 3310 Περὶ
902 3231 998 3312 α’ρχῶν
1019 3229 1151 3303 hominen
1169 3225 1218 3286 καί
1240 3229 1287 3287 τοῦ
1307 3225 1412 3305 Φιλαρ-

193 3329 283 3407 χαὶου
302 3332 362 3389 κτλ.
