3428 5070
765 836 846 918 V.

265 1169 319 1239 26.
346 1207 386 1216 -
413 1170 573 1246 Quaestio
597 1178 713 1237 nostra
739 1192 778 1237 ea
803 1180 864 1251 cst,
882 1178 929 1254 ut,
953 1174 1130 1236 contrariis
1154 1177 1286 1236 tantum
1310 1189 1403 1254 argu-

197 1287 320 1349 mentis
354 1288 521 1366 refutatis,
553 1290 647 1351 nulla
678 1291 745 1354 iam
769 1292 814 1354 sit
823 1316 831 1368 ;
869 1293 992 1367 tamen,
1023 1296 1061 1352 ut
1092 1295 1125 1353 et
1156 1306 1404 1370 supervacanea

197 1402 401 1466 adversariis
425 1404 620 1486 largiamur,
652 1407 814 1469 nonnulla
845 1425 931 1486 quae
954 1406 1066 1467 omnia
1101 1407 1203 1468 dubia
1233 1405 1401 1480 dirimant,

195 1519 362 1599 planeque
385 1521 536 1603 Longino
561 1523 688 1585 rhetori
723 1524 848 1585 librum
880 1521 919 1586 ll.
947 1513 974 1589 ὕ.
1001 1522 1223 1585 adserendum
1255 1540 1328 1584 esse
1353 1523 1404 1584 de·

196 1640 394 1716 monstrent,
420 1637 589 1699 addemus.

263 1749 381 1830 ltaque
406 1753 446 1813 ab
471 1758 667 1832 argumento
690 1753 851 1835 incipiam
875 1754 965 1833 quod
992 1753 1060 1816 iam
1088 1773 1107 1817 a
1130 1753 1250 1836 primis
1276 1758 1402 1816 contro·

195 1866 326 1928 versiae
343 1869 551 1947 temporibus
567 1870 723 1933 Amatius
749 1871 901 1951 protulit,
918 1875 957 1932 ut
974 1871 1106 1932 saeculo
1123 1871 1223 1932 tertie
1240 1888 1401 1933 commen-

196 1982 320 2044 tarium
336 1988 491 2047 nestrum
507 1985 611 2047 tribui
629 2003 695 2048 non
713 2004 814 2067 posse
832 1987 1086 2062 demonstraret,
1105 1990 1138 2048 61
1154 1986 1251 2047 nobis
1268 1990 1402 2048 nostrae

195 2100 236 2162 de
260 2105 393 2163 auctore
418 2103 603 2165 sententiae
628 2120 716 2166 nunc
742 2102 929 2183 suffragari
958 2103 1103 2166 videtur.

261 2215 315 2284 27.
344 2253 384 2262 -
409 2218 505 2280 Hane
527 2219 643 2301 posuit
665 2220 722 2282 ille
749 2219 999 2299 quaestionem:
1022 2217 1118 2292 «Qui
1136 2219 1256 2282 saltem
1274 2214 1403 2305 (auctor

195 2333 251 2392 τοῦ
267 2329 305 2390 ll·
321 2327 350 2419 ὕ)
367 2351 434 2397 non
451 2334 685 2416 Hermogenen
702 2334 849 2414 citasset‚
873 2334 969 2397 cuius
989 2329 1162 2418 Τεχνικοῐς
1181 2335 1331 2398 universi
1348 2352 1402 2415 po-

195 2452 269 2511 stea
294 2450 541 2514 adhaeseruntl
568 2446 629 2537 ¹)».

262 2565 326 2628 Sed
350 2566 487 2629 minime
511 2568 635 2630 mirum
659 2568 726 2630 iam
742 2572 814 2631 tum
840 2585 914 2631 esse
940 2568 1081 2631 debebat
1105 2567 1312 2647 scriptorem,
1330 2568 1398 2647 qui,

195 2683 328 2745 abditus
353 2683 387 2745 in
404 2687 556 2746 veterum
573 2684 695 2762 studio,
713 2685 869 2765 aequales
887 2685 1060 2766 sprevisse
1085 2686 1301 2763 demonstret,
1319 2683 1400 2746 Her-

194 2799 343 2880 mogenis
368 2816 475 2879 neque
501 2816 622 2862 nomen
646 2801 899 2877 memoravisse,
918 2817 1027 2879 neque
1053 2800 1222 2862 doctrinas
1247 2802 1401 2861 secutum

196 2933 283 2993 esse;
319 2934 408 2979 nunc
439 2920 561 2994 autem,
597 2916 827 2997 Longinianae
862 2916 957 2978 Artis
994 2916 1180 2979 rhetoricae
1215 2914 1400 2979 maioribus

196 3033 394 3113 fragmentis
419 3034 629 3114 epitomeque
654 3034 883 3111 inventisres
908 3033 974 3115 ipsi
991 3033 1142 3113 Longino
1167 3033 1265 3094 favet.
1285 3031 1399 3094 Enim·

195 3165 274 3213 vero
305 3168 346 3213 ne
379 3151 414 3213 in
445 3151 513 3212 illis
546 3151 690 3229 quidem,
722 3186 743 3195 -
780 3151 869 3230 quod
900 3151 1007 3230 magis
1039 3150 1172 3213 Amatio
1209 3149 1401 3211 mirandum

197 3268 377 3345 videretur,
403 3303 423 3312 -
447 3268 517 3330 ulla
541 3273 593 3330 est
609 3268 831 3350 Hermogenis
855 3267 990 3345 mentio,
1013 3267 1071 3347 qui
1088 3270 1200 3329 tamen
1224 3267 1263 3328 de
1280 3266 1396 3328 eadem

194 3386 371 3466 disciplina
406 3386 629 3449 disertissime
668 3386 863 3466 scripseram
900 3385 935 3447 in
967 3385 1029 3447 hac
1065 3389 1177 3448 autem
1209 3402 1396 3463 anonymus

196 3505 312 3564 auctor
335 3502 485 3581 praecise
509 3501 731 3582 Hermogenis
751 3497 900 3590 ῥητορικῇ
924 3501 1168 3582 Longinianam
1192 3501 1332 3582 opponit
1351 3495 1381 3586 ²).

206 3673 365 3686 m

186 3773 339 3841 redderem
359 3773 438 3829 idem
458 3773 538 3828 enim
558 3771 711 3841 siguificat
738 3771 828 3842 atque
855 3769 1024 3841 δεινότατος,
1045 3770 1124 3839 quod
1143 3770 1181 3827 ad
1200 3769 1403 3840 Thucydidem

191 3872 373 3928 laudandum
392 3872 568 3941 usurpatur.

240 3970 261 4043 ¹)
279 3974 310 4027 ln
332 3970 424 4041 Epist.
443 3970 540 4026 cit-
554 3972 614 4028 Hoc
634 3970 665 4026 61
683 3971 799 4041 priores
819 3971 913 4026 libelli
934 3970 1030 4026 nestri
1050 3983 1191 4026 censores
1211 3968 1402 4025 animadver-

186 4070 297 4136 terunt
317 4082 502 4138 omnemque,
518 4069 595 4137 quod
617 4068 740 4126 minime
754 4083 875 4124 necesse
889 4067 964 4137 erat,
984 4067 1166 4124 industriam
1187 4067 1224 4123 ad
1237 4067 1312 4122 duos
1323 4067 1403 4121 inter

189 4184 220 4224 se
240 4168 378 4223 rhetores
396 4166 600 4223 conciliandos
619 4167 830 4223 adhibuerunt.

239 4263 262 4335 2)
281 4265 339 4319 1106
359 4262 406 4318 est
419 4259 563 4332 Ἐπιτομῆς
577 4262 713 4318 initium:
726 4261 808 4327 Καλή
821 4261 869 4332 μέν
890 4261 908 4324 η’
922 4259 971 4320 τοῦ
984 4257 1117 4336 Ταρσέως
1128 4257 1304 4334 Ἑρμογένους
1323 4256 1404 4335 ρἠτο·

188 4361 259 4440 ptari.
278 4359 343 4429 Πῶς
360 4363 413 4438 γάρ
432 4356 479 4434 6ὔ;
500 4358 718 4425 συνεκτικωτοίτη
737 4357 789 4438 γάρ
808 4358 867 4417 ἐστι
888 4359 995 4419 πάντων
1013 4359 1064 4427 τῆς
1084 4356 1189 4438 τέχνης
1207 4356 1304 4433 μερῶν.
1325 4355 1407 4412 Ἀλλ’
