3428 5070
307 313 342 373 36

313 447 397 510 quos
422 448 525 511 supra
548 431 889 507 commemoravimus,
914 427 1057 511 proferri
1080 435 1232 512 possunt.
1257 425 1362 496 Nobis
1390 435 1510 507 tamen,

313 566 389 610 cum
413 549 570 611 minimae
593 550 751 629 probatae
777 549 943 630 opinionis
966 551 1065 627 longa
1088 551 1314 613 confutatione
1338 569 1422 631 opus
1447 567 1513 612 non

313 664 368 742 sit,
394 665 475 728 haec
499 666 763 728 animadvertere
788 667 871 728 satis
896 667 968 742 erit,
993 666 1195 746 Dionysium
1211 667 1513 748 Pergamenumil-

311 778 378 840 lius
401 779 596 860 Apollodori
619 780 830 860 discipulum,
857 781 915 860 qui
939 781 1091 842 aemulus
1116 781 1241 844 Romae
1266 781 1431 844 Theodori
1451 779 1512 842 Ga·

311 898 426 960 dareni
450 898 579 974 fuisset,
612 897 749 960 minime
780 915 901 960 nomen
925 893 1156 985 παρένθυρσον,
1181 899 1220 961 de
1256 916 1321 978 quo
1352 915 1455 978 supra
1480 892 1512 981 ¹),

310 1015 351 1074 ah
375 1013 644 1084 adversariorum
667 1013 816 1093 principe
833 1014 1016 1090 inventum,
1034 1031 1198 1096 usurpare
1214 1014 1365 1094 potuisse
1374 1037 1382 1091 ;
1399 1049 1421 1057 -
1437 1013 1513 1074 Dio-

309 1130 443 1208 nysium
477 1129 648 1192 Milesium
671 1133 709 1191 ut
745 1131 920 1207 oratorem,
946 1147 1012 1192 non
1043 1134 1081 1192 ut
1113 1131 1281 1193 rhetorem
1305 1149 1325 1191 a
1352 1129 1456 1192 Suida
1478 1133 1512 1190 et

308 1246 513 1309 Philostrato
537 1240 559 1331 ²)
583 1245 713 1308 laudari
721 1268 730 1322 ;
755 1279 776 1290 -
800 1244 886 1306 Aelii
913 1245 1067 1324 Dionysii
1093 1245 1344 1308 Halicarnassei
1369 1244 1511 1306 iunioris

308 1362 342 1426 in
366 1363 486 1426 Photio
510 1358 533 1449 ³)
558 1362 761 1425 mentionem
785 1378 859 1423 esse
883 1365 921 1422 ut
943 1362 1169 1441 lexicographi
1195 1365 1228 1423 et
1243 1377 1356 1423 rerum
1372 1360 1512 1424 musica·

245 1490 247 1498 “
309 1498 384 1542 rum
408 1481 583 1562 scriptoris
591 1505 600 1559 3
627 1481 777 1559 duosque
801 1478 941 1554 libellos,
967 1477 1025 1558 qui
1050 1478 1121 1539 eius
1146 1479 1186 1540 de
1210 1477 1436 1558 grammaticis
1461 1496 1513 1539 ex-

308 1600 407 1672 stent
422 1597 553 1658 nullum
577 1595 685 1658 facere
710 1594 871 1656 indicium
887 1610 964 1655 eum
981 1594 1020 1655 de
1040 1591 1253 1655 Sublimitate
1278 1592 1472 1672 scripsisso;
1491 1628 1513 1637 -

309 1713 442 1774 demum
465 1711 668 1791 Dionysium
690 1709 954 1772 Alexandrinum
978 1709 1232 1788 grammaticum
1249 1709 1436 1771 Stoicorum
1458 1709 1512 1770 do·

307 1830 449 1892 ctrinam
472 1827 663 1908 professum
687 1845 770 1903 esse,
797 1844 872 1888 cum
894 1825 1023 1906 passim
1047 1825 1276 1888 commentarii
1293 1823 1331 1887 ll.
1351 1818 1376 1887 ἕ.
1395 1829 1511 1888 auctor

304 1945 509 2026 platonicum
532 1943 771 2025 philosophum
794 1959 830 2004 se
853 1942 1020 2022 praebeat.

379 2057 428 2127 18.
453 2094 493 2104 -
517 2059 669 2121 Alteram
690 2057 865 2138 ingressus
890 2061 942 2119 est
966 2057 1056 2118 viam
1079 2057 1238 2136 Aloysius
1262 2057 1459 2121 Vaucherus
1485 2053 1509 2144 ⁴)

306 2175 474 2238 affirmans
499 2174 624 2237 librum
649 2167 686 2235 Π,
711 2170 739 2234 d.
764 2172 937 2235 Plutarchi
962 2188 1045 2251 opus
1070 2171 1270 2250 habendum,
1296 2174 1355 2252 qui
1379 2191 1454 2236 cum
1470 2175 1513 2248 de¹

306 2290 482 2354 rhetoricis
507 2291 615 2352 multa
631 2289 825 2369 scripsisset
841 2282 863 2373 ⁵)
881 2292 962 2365 tum,
980 2291 1013 2350 et
1029 2287 1172 2349 aliorum
1189 2289 1397 2368 auctoritate,
1417 2311 1433 2348 «
1444 2307 1510 2351 non

305 2410 435 2471 tantum
466 2406 588 2482 verbis,
622 2404 834 2482 dictionibus,
859 2402 989 2483 figuris
1014 2404 1073 2464 sed
1097 2406 1167 2465 toto
1197 2404 1357 2466 orationis
1381 2405 1508 2496 habitu,

304 2522 456 2584 doctrina
482 2521 592 2598 etiam,
618 2520 760 2600 ingenio,
786 2521 967 2596 voluntate,
984 2539 1001 2578 »
1026 2537 1181 2599 magnam
1214 2537 1289 2581 cum
1320 2524 1436 2583 nostro
1467 2521 1509 2582 si-

200 2663 205 2672 *
304 2640 529 2703 militudinem
553 2639 675 2702 habeat
699 2633 738 2724 ⁰);
764 2638 843 2699 —in
868 2637 1016 2716 catalogo
1039 2641 1162 2715 autem,
1188 2638 1245 2716 qui
1271 2637 1355 2700 ialso
1379 2638 1509 2700 aLam-

302 2757 377 2838 pria
400 2754 471 2818 filio
503 2756 674 2818 confectus
708 2773 781 2818 esse
815 2757 963 2834 putatur,
988 2753 1065 2815 libri
1090 2751 1128 2816 ll.
1157 2748 1182 2816 ὕ.
1214 2754 1342 2816 nullam
1370 2754 1507 2817 mentio-

302 2893 379 2938 nem
402 2892 476 2937 esse
502 2874 598 2956 facile
624 2873 783 2953 explicari
814 2889 922 2952 posse,
948 2870 977 2932 si
1009 2871 1239 2934 consideretur
1267 2875 1397 2934 veteres
1429 2872 1506 2934 Plu·

302 2991 464 3067 tarchum,
492 2990 599 3070 magis
625 3007 726 3069 quam
758 2988 934 3063 rhetorem,
966 2986 1186 3049 historiarum
1213 2988 1411 3068 scriptorem
1433 2989 1506 3068 phi-

301 3107 544 3187 losophumque
576 3105 760 3182 habuisse3
791 3140 812 3148 -
844 3107 1007 3179 ceterum,
1041 3104 1316 3167 commentarium
1352 3110 1507 3169 nostrum

351 3355 371 3426 ¹)
391 3358 425 3412 V.
445 3369 511 3425 pag.
531 3355 576 3410 27.

352 3449 373 3521 ²)
392 3451 413 3505 l.
433 3465 459 3505 c.

348 3545 372 3618 3)
392 3547 410 3601 l.
430 3561 456 3602 o.

342 3644 370 3724 ἦ)
388 3647 418 3699 ln
439 3645 590 3714 prooemio
610 3657 682 3700 suae
696 3645 766 3700 edit.
780 3634 900 3718 (licoides
919 3647 1062 3715 crationes
1080 3661 1136 3699 aar
1156 3651 1183 3701 le
1206 3643 1308 3702 Trade
1319 3649 1362 3702 dn
1377 3647 1508 3704 Sollium

295 3749 323 3802 et
341 3761 396 3799 sar
414 3745 455 3800 les
474 3742 564 3800 ecrite
583 3747 619 3799 dc
638 3743 782 3815 Lonpz'n);
802 3747 945 3814 decerne,
969 3743 1043 3800 1854.

349 3843 372 3916 ⁵)
392 3847 433 3898 Ex
454 3858 516 3912 gru:
535 3840 688 3920 Ὁμηρικῶν
706 3843 826 3914 μελετᾶν
850 3840 951 3914 βιβλία
971 3844 1006 3914 δ’;
1026 3877 1043 3886 -
1063 3843 1133 3922 Περί
1159 3846 1209 3914 τῆς
1235 3843 1274 3912 εἰς
1296 3847 1429 3924 ἑκάτερον
1454 3845 1511 3904 ἐπι-

299 3939 461 4023 χειρήσεως
481 3970 496 3986 ·
517 3941 587 4018 Περί
606 3939 768 4020 ρἠτορικῆς;
791 3973 804 3985 ·
823 3941 859 3998 Εἰ
877 3940 968 4020 α’ρητή
986 3945 1004 4010 η’
1023 3943 1169 4024 §propriam
1194 3977 1205 3988 ·
1227 3944 1300 4024 ssepa*
1326 3943 1510 4023 χαρακτήρων

294 4060 354 4102 ecc.
373 4073 388 4088 -
407 4047 438 4100 V.
456 4044 602 4100 Vaucheri
625 4045 643 4100 Ι.
661 4059 685 4098 c.

347 4144 371 4217 6)
390 4148 492 4214 Quam,
511 4145 632 4213 praeter
650 4143 926 4214 Wittembachium,
946 4146 1032 4202 cuius
1051 4147 1123 4202 sunt
1141 4147 1233 4203 verba
1251 4162 1327 4217 quae
1347 4161 1440 4216 supra
1465 4146 1504 4200 ci-

294 4244 435 4312 tavimus,
462 4242 523 4297 iam
549 4241 831 4297 animadverterant
854 4243 993 4314 Toupius,
1022 4245 1221 4302 Ruhnkenius
1246 4245 1373 4316 aliique;
1393 4273 1405 4286 ·
1429 4247 1510 4302 Vau-

293 4346 402 4400 cherus
421 4341 520 4398 autem
541 4355 597 4398 sua
616 4358 651 4397 ex
673 4343 797 4412 utroque
818 4344 963 4413 scriptore
984 4345 1094 4400 collata
1116 4345 1239 4400 addidit
