3428 5070
328 321 363 380 30

335 435 484 512 tentiam,
510 438 631 518 -quis
656 437 745 499 enim
769 435 890 515 neget‘l
914 470 935 479 -
959 452 1140 514 nunquam,
1173 435 1227 496 vel
1257 434 1386 497 ultimis
1416 434 1542 497 Romae

332 552 549 630 temporibus
574 552 741 616 libertatis
765 551 893 613 cultum
910 569 929 613 a
945 551 1028 612 viris
1044 552 1079 613 in
1107 551 1323 629 antiquorum
1340 549 1542 628 scriptorum

333 667 445 728 studio
469 669 622 744 versatis,
648 667 962 730 —versatissimum
991 667 1082 730 hand
1113 665 1212 729 dubie
1241 668 1356 728 noster
1386 681 1422 728 se
1450 680 1560 744 prae--

333 786 409 858 stat,
435 818 457 828 -
481 783 670 864 neglectum
694 799 777 846 esse.

400 900 451 964 Dc
475 919 556 983 pace
580 904 702 978 autem,
729 901 825 962 cuius
849 900 885 961 in
909 900 1024 962 eodem
1040 900 1148 980 capite
1166 904 1218 962 est
1233 900 1367 974 mentio,
1382 898 1443 960 hoc
1459 897 1544 958 mihi

334 1017 369 1077 in
394 1015 514 1080 falsam
538 1034 693 1079 censores
711 1016 902 1096 opinionem
919 1014 1051 1078 deducti
1068 1016 1234 1091 videntur,
1252 1015 1342 1095 quod
1358 1032 1399 1077 ex
1414 1005 1544 1093 aliquot

334 1136 466 1194 tautum
489 1132 611 1208 verbis,
630 1151 649 1195 a
665 1131 785 1194 ceteris
811 1147 1008 1209 summaque
1025 1131 1264 1211 disputationis
1288 1129 1475 1205 disiunctis,
1494 1146 1543 1190 ar-

335 1251 523 1330 gumentari
547 1250 724 1311 voluerint.
758 1248 948 1324 Enimvero
974 1265 1050 1310 cum
1072 1247 1293 1328 philosophus
1319 1247 1455 1326 quidam
1489 1248 1543 1309 ad·

334 1365 541 1428 firmavisset
563 1365 754 1428 libertatem
778 1363 813 1426 in
837 1363 956 1443 primis
981 1364 1023 1426 ad
1047 1379 1244 1444 magnorum
1268 1363 1456 1426 animorum
1479 1361 1544 1442 spi-

334 1481 421 1544 rltus
445 1479 591 1556 alendos
617 1516 638 1524 -
664 1475 773 1565 θρέψαι
784 1526 864 1546 .....
874 1475 914 1541 τά
939 1476 1124 1566 φρονήματα
1149 1480 1210 1540 τῶν
1243 1472 1498 1564 μεγαλοφρόνων,
1522 1515 1544 1524 -

335 1599 448 1676 aptam
472 1612 556 1671 esse,
584 1598 617 1658 et
641 1596 682 1657 ob
705 1596 879 1676 proposita
901 1596 937 1658 in
960 1596 1061 1658 rebus
1091 1595 1235 1676 publicis
1268 1595 1544 1658 administrandis

333 1712 492 1794 praemia,
518 1746 539 1755 -
565 1703 619 1772 διοῖ
644 1706 685 1771 rot
708 1706 904 1795 προκείμενα
928 1707 959 1772 ἐν
985 1713 1058 1780 ταῖς
1083 1707 1263 1780 πολιτείαις
1282 1702 1419 1786 ἔπαθλα,
1436 1745 1457 1754 -
1474 1727 1542 1772 ora-

337 1829 420 1892 toris
444 1827 588 1891 virtutes
613 1829 795 1892 clarescere
820 1833 853 1892 et
877 1828 1036 1909 effulgere
1044 1852 1053 1906 ;
1079 1829 1114 1890 in
1139 1829 1301 1890 servitute
1325 1831 1441 1890 contra
1457 1828 1545 1907 inge-

335 1947 391 2009 nia
414 1946 639 2028 languescere,
665 1947 898 2026 neminemque
924 1961 1060 2008 servum
1076 1963 1225 2026 unquam
1241 1945 1412 2009 exstitisse
1436 1949 1542 2008 orato-

339 2082 419 2141 rem,
443 2099 464 2110 -
489 2056 600 2124 δοῦλον
631 2055 665 2123 δὲ
696 2055 814 2146 μηδένα
847 2060 1000 2148 γίνεσθαι
1035 2055 1176 2148 ῥήτορος
1200 2098 1221 2107 -
1245 2080 1387 2143 eumque
1409 2063 1546 2125 ⁴idcirco

338 2181 516 2244 statuisset
540 2180 738 2243 servitutem
761 2180 945 2243 declinatae
970 2179 1179 2259 eloquentiae
1203 2197 1340 2243 causam
1355 2180 1478 2258 fuisse3
1496 2193 1547 2242 re-

335 2297 503 2377 spondens
534 2300 666 2359 auctor:
693 2331 715 2340 -
738 2296 814 2359 Non
845 2296 964 2372 solum,
989 2295 1091 2371 -ait,
1115 2330 1137 2339 -
1162 2291 1178 2366 ἡ
1202 2296 1257 2366 της
1284 2291 1465 2377 οἰκουμένης
1499 2290 1546 2354 εἰ-

333 2406 420 2498 ρήνη,
446 2431 547 2493 quam
570 2416 607 2475 tu
632 2413 726 2490 dicis,
752 2414 995 2477 verumetiam
1019 2413 1192 2492 multoque
1223 2413 1330 2495 magis
1362 2413 1424 2475 hoc
1455 2412 1546 2492 cupi-

336 2531 480 2593 ditatum
503 2533 696 2592 nostrarum
720 2533 921 2611 perpetuum
944 2530 1079 2607 bellum,
1105 2565 1126 2574 -
1151 2524 1166 2589 ὁ
1190 2525 1335 2610 κατέχων
1368 2521 1450 2611 ἡμῶν
1485 2525 1545 2599 τοὶς

335 2646 512 2731 ἐπιθυμίας
546 2643 767 2734 ἁπεριόριστος
801 2641 908 2707 οὑτοσί
943 2643 1089 2730 πέλεμος,
1113 2647 1292 2728 -ingenia
1326 2647 1480 2710 debilitat
1521 2641 1545 2734 ).

335 2765 386 2827 Ex
410 2782 476 2843 quo
501 2763 673 2844 colligitur
696 2764 749 2833 τῆς
777 2759 959 2844 οἰκουμένης
986 2757 1108 2848 εἰρήνην
1132 2764 1221 2825 idem
1237 2741 1326 2842 quod
1342 2756 1472 2824 δουλεία
1497 2755 1546 2822 δι·

339 2879 427 2954 καίοι,
454 2899 473 2942 a
496 2879 697 2962 philosopho
721 2884 885 2961 usurpata
909 2875 931 2966 ²)
956 2874 1021 2965 (est
1044 2880 1133 2943 enim
1156 2880 1386 2943 tantummodo
1418 2879 1546 2942 locutio

334 2997 449 3060 mitior
472 3014 513 3058 ex
535 2996 596 3058 hoc
618 2996 776 3076 profecta,
803 2995 892 3074 quod
916 2999 1032 3058 auctor
1065 2989 1187 3079 sipiano
1220 3011 1386 3075 opponere
1417 2990 1548 3078 πολέμῳ

336 3106 503 3197 voluerit),
527 3112 615 3174 idest
638 3106 805 3182 πολιτείας
831 3111 1044 3187 contrarium,
1073 3111 1126 3172 cul
1150 3109 1371 3191 philosophus
1395 3109 1452 3172 ille
1475 3113 1547 3172 stu-

335 3229 436 3303 deret,
462 3224 663 3306 significare.
690 3227 782 3288 Haec
805 3242 980 3288 servorum
1002 3243 1068 3305 pax
1096 3224 1194 3287 bellis
1227 3224 1374 3286 externis
1405 3224 1545 3286 minime

336 3343 588 3418 obturbabatur,
614 3359 758 3422 quorum
782 3341 890 3404 multa
913 3342 1056 3404 Romani
1074 3359 1149 3404 cum
1166 3345 1274 3404 aetate
1298 3357 1383 3420 quae
1406 3340 1548 3404 aDecio

334 3460 376 3522 ad
398 3459 619 3521 Aurelianum
643 3453 822 3544 (ara-270)
848 3459 1007 3535 decurrit,
1034 3462 1106 3522 tum
1129 3459 1249 3540 primis
1265 3457 1398 3538 imperii
1422 3460 1548 3538 tempo·

382 3758 409 3830 ι)
429 3760 522 3814 Locus
543 3757 669 3827 integer,
689 3758 854 3814 secundum
873 3759 1022 3816 emendat.
1041 3761 1073 3816 L.
1093 3759 1269 3825 Sesscsnu,
1284 3770 1374 3826 quam
1388 3758 1419 3812 0.
1434 3760 1554 3813 lausus

328 3860 359 3915 ct
378 3863 396 3916 l.
417 3861 548 3914 Variana
568 3857 662 3914 secuti
685 3857 765 3925 sunt,
785 3859 828 3914 sie
849 3875 881 3915 se
905 3859 1010 3915 habet:
1030 3855 1082 3933 ἔρα
1102 3853 1139 3926 δέ,
1152 3852 1254 3927 μήποτε
1269 3854 1338 3933 ον’χί
1356 3854 1374 3921 ἠ
1392 3854 1442 3924 τῆς
1462 3856 1557 3912 οἰκου-

331 3954 414 4031 μένης
433 3953 526 4032 ει’ρήνη
545 3951 696 4036 διαφθείρῃ
716 3952 768 4021 τοῖς
788 3954 911 4027 μεγαλοις
928 3954 1028 4033 φύσεις,
1047 3951 1112 4011 πολύ
1132 3949 1159 4010 δὲ
1177 3951 1307 4025 μᾶλλονὸ
1326 3948 1456 4030 κατέχων
1473 3951 1555 4024 ἡμῶν

340 4056 395 4122 τοίς
422 4050 571 4126 ἐπιθυμίας
598 4051 787 4130 α’πιριόριοτος
814 4051 925 4113 advolat
945 4053 1059 4125 πελεμος
1086 4056 1147 4112 κτλ.
1167 4045 1306 4108 Ceterum
1335 4066 1392 4106 non
1421 4051 1557 4107 multum

331 4167 438 4210 sensus
469 4150 651 4208 immutatur
677 4151 702 4208 si
728 4151 816 4207 lectio
850 4152 1052 4221 praeferatur:
1076 4146 1117 4223 μη
1133 4148 1192 4212 ποτ’
1210 4147 1268 4226 οἴροι
1287 4149 1306 4218 η’
1323 4149 1376 4218 τῆς
1394 4144 1557 4220 οἰκουμένην

331 4251 423 4328 εἰρήνη
444 4247 600 4328 διαφθεῖρον
619 4251 678 4309 κτλ.

388 4347 412 4422 ²)
433 4347 506 4404 Vide
525 4363 594 4418 pag.
615 4347 651 4403 29
670 4348 737 4414 ado.
756 4351 782 4406 2.
