3428 5070
1368 365 1404 419 27

266 475 274 542 Ι
289 476 315 543 i.
328 477 521 543 -Addunt
537 479 625 543 inter
641 479 755 560 plures
777 477 972 559 scriptores,
991 495 1075 558 quos
1093 481 1209 542 auctor
1224 477 1302 541 libri
1321 473 1358 542 Π.
1372 475 1399 540 ὕ.

192 593 281 670 citat,
307 595 438 658 nullum
461 597 594 659 saeculo
619 596 726 676 primo
751 595 991 675 Theodoroque
1016 594 1174 658 Gadareo
1200 589 1222 680 ¹)
1242 594 1400 675 posterio-

192 725 263 770 rem
287 709 431 772 inveniri
457 705 496 796 ²¹);
523 716 556 774 et
579 711 681 772 huius
705 711 849 774 rhetoris
875 711 969 773 nulla
992 710 1147 790 apposita
1177 710 1399 790 appellatione

189 827 402 908 nominisque
422 829 659 912 parentdprsr'
680 830 814 905 mentm,
840 830 929 909 quod
952 829 1025 909 ipse
1049 845 1154 908 genus
1171 829 1338 907 quoddam
1353 828 1398 889 vi-

190 945 316 1006 tiosum
341 945 471 1008 dicendi
496 946 688 1027 designaret
711 941 744 1031 ³),
771 946 810 1008 de
835 945 969 1007 homine
994 961 1182 1006 sermonem
1206 961 1279 1006 esse
1297 944 1398 1006 omni-

188 1059 253 1119 bus
278 1063 366 1136 noto,
391 1061 450 1139 qui
474 1061 574 1140 paulo
600 1065 677 1123 ante
701 1061 852 1136 vixisset,
878 1059 931 1122 vel
952 1059 1099 1122 auctoris
1116 1057 1223 1123 nostri
1241 1057 1401 1138 magister

189 1174 311 1238 fuisset
334 1170 367 1261 ⁴),
394 1176 578 1239 multorum
602 1177 769 1240 sententia
793 1177 1009 1240 demonstrat.

256 1289 348 1362 Quae
372 1307 451 1353 vero
476 1291 537 1354 hae
561 1292 850 1354 animadversione
874 1269 1101 1372 infirmantur,
1126 1295 1290 1368 nostrum,
1323 1309 1399 1355 oum

190 1412 341 1470 veterum
357 1412 490 1471 tanturn
505 1411 709 1490 scriptorum
726 1411 923 1474 auctoritaie
941 1427 1003 1472 sua
1018 1413 1196 1490 praerepta
1212 1407 1396 1484 confirmet,

191 1521 292 1586 etiarn
314 1523 349 1584 in
373 1524 467 1588 vitiis
492 1525 654 1588 orationis
679 1526 859 1606 arguendis
885 1526 1067 1589 eorundem
1092 1525 1254 1606 exemplis
1278 1525 1328 1587 uti
1345 1542 1398 1586 vo·

187 1639 302 1701 luisse.
329 1639 485 1704 Ceterum
508 1642 586 1703 libri
611 1642 705 1705 deest
730 1643 876 1706 secunda
891 1660 981 1722 pare,
1001 1660 1143 1722 eumque
1172 1659 1232 1704 sex
1258 1659 1397 1722 magnae

186 1757 325 1821 lacunae
350 1759 530 1840 deturpant
554 1754 594 1844 5);
621 1777 705 1840 quae
731 1776 806 1822 oum
829 1761 878 1824 ita
899 1778 934 1822 se
952 1761 1106 1837 habeant,
1125 1761 1201 1840 quis
1219 1759 1397 1824 adfirmare

186 1875 298 1955 possit
321 1875 464 1938 alieuius
489 1875 662 1938 Theodoro
685 1877 882 1957 posterioris
904 1877 1078 1957 scriptoris
1095 1877 1130 1939 in
1154 1877 1294 1956 reliquis
1312 1895 1397 1956 quae

186 1988 423 2052 desiderantur
453 1992 656 2054 mentionem
684 2009 750 2054 non
783 1991 914 2054 fuisset
942 1992 995 2054 Ad
1029 1993 1114 2054 iliud
1145 1997 1257 2056 autern
1291 1987 1394 2054 ἓκοὲλει

186 2107 276 2184 quod
300 2107 430 2184 attinet,
455 2113 691 2189 praeterquam
716 2109 804 2188 quod
829 2126 867 2171 ea
893 2110 1016 2173 citandi
1034 2113 1086 2172 est
1102 2110 1187 2172 ratio
1204 2110 1395 2172 rhetoribus

185 2223 314 2302 graecis
339 2226 535 2303 eommunis,
568 2225 653 2288 forte
685 2226 746 2289 hoo
781 2228 895 2291 noster
919 2226 1139 2306 praeteritum
1163 2226 1395 2309 imperfectum

201 2427 361 2440 m-

234 2526 253 2598 1)
273 2529 447 2585 Theodorus
468 2529 578 2598 rhetor,
600 2542 688 2598 quem
708 2530 809 2585 noster
829 2527 903 2584 citat
920 2524 970 2600 (Π.
990 2526 1016 2585 ὕ.
1036 2543 1062 2584 o.
1082 2529 1128 2600 ΙΙΙ)
1154 2528 1233 2584 idem
1259 2543 1325 2586 esse
1349 2530 1393 2585 ri·

182 2624 273 2682 detur
291 2627 353 2696 qui,
374 2626 498 2682 dederis
518 2627 624 2683 servili
645 2639 755 2695 genere
771 2625 872 2692 natus,
885 2625 978 2681 etiam
996 2625 1137 2694 Rhodiae,
1147 2625 1225 2694 quod
1239 2625 1332 2681 Rhodi
1345 2626 1395 2680 do·

177 2724 299 2794 auisset,
308 2725 478 2795 appellatus
487 2725 548 2793 est;
561 2724 661 2794 ibique
674 2723 827 2780 Tiberium
838 2726 996 2779 Caesarem
1007 2723 1176 2779 auditorem
1186 2723 1299 2794 habuit,
1308 2738 1397 2792 quem

176 2821 265 2888 πηλόν
285 2820 384 2895 ριῖμοιτι
403 2821 588 2901 πεφυραμένον
608 2823 743 2880 vocabat.
770 2825 880 2878 Romae
906 2821 1013 2878 deinde
1037 2820 1219 2876 rhetoricam
1244 2819 1397 2889 professus

176 2921 234 2986 est,
254 2921 386 2989 obiitque
405 2920 555 2976 Hadriano
573 2921 755 2988 imperante.
776 2919 849 2975 Vide
869 2918 1042 2974 Suetonium
1063 2919 1092 2972 in
1119 2918 1178 2972 Tib.
1198 2933 1224 2973 o.
1244 2919 1290 2987 57,
1307 2918 1397 2983 Quin-

177 3018 321 3075 tilianum
341 3021 373 3087 ΙΙ,
395 3019 442 3088 11;
461 3020 504 3088 ΙΙΙ,
526 3017 553 3088 1,
571 3019 596 3088 3,
616 3017 710 3090 o,11;
731 3019 774 3088 iv,
792 3019 823 3086 23
842 3017 963 3072 Suidam
982 3031 1015 3072 v.
1034 3012 1185 3091 Θεόδωρος,
1204 3015 1348 3084 aliosque.

232 3116 256 3190 ²)
273 3119 313 3173 De
332 3118 489 3174 Ammonio
509 3119 538 3172 in
559 3133 584 3172 o.
603 3120 665 3174 ΙΙΙΙΙ
684 3117 849 3173 memorato
871 3116 1008 3172 veterum
1034 3128 1193 3171 censorum
1219 3114 1397 3184 ambiguita-

177 3215 241 3272 tem
260 3217 289 3269 F.
308 3216 340 3272 A.
360 3215 486 3272 Woitius
515 3215 568 3286 (De
585 3219 621 3272 D.
640 3217 760 3273 Ruina.
779 3217 856 3285 quod
882 3229 942 3284 rep.
963 3216 1017 3282 na,
1038 3213 1143 3282 Berot,
1167 3209 1246 3281 1820)
1274 3211 1394 3268 obstare

177 3310 313 3380 putabat,
332 3312 493 3380 quominus
511 3311 548 3367 de
567 3311 668 3367 libello
687 3309 725 3366 Π.
742 3309 768 3368 ὕ.
781 3310 989 3366 controversia
1008 3309 1223 3365 resolveretur.
1239 3307 1294 3364 Sed
1308 3307 1392 3363 illam

177 3407 363 3464 doctissimis
381 3407 568 3478 argumentis
588 3408 718 3478 Theoph.
738 3410 890 3476 Roeperus
903 3406 1026 3462 diremit
1038 3406 1219 3462 confirmans
1233 3405 1312 3460 hune
1326 3409 1394 3460 Am-

176 3507 314 3563 monium
332 3522 392 3562 non
412 3509 544 3578 Sacram,
563 3507 688 3576 Longini
709 3507 897 3576 magistrum,
917 3506 969 3562 sed
996 3504 1243 3573 Alexandrinum,
1262 3502 1392 3559 Aristar·

175 3605 225 3660 ehi
244 3605 433 3676 discipulum,
453 3620 533 3662 esse:
553 3606 643 3662 huius
662 3606 818 3661 enimvero
837 3604 1005 3661 memorant
1023 3606 1137 3660 Veneta
1158 3603 1275 3660 Scholia
1287 3603 1318 3658 in
1332 3603 1396 3658 Ilia-

179 3705 250 3760 dem
268 3719 344 3774 opus
361 3700 423 3781 περε“
442 3704 494 3762 τοῖν
512 3701 562 3762 εἰπὲ
581 3701 732 3772 Πλάτωνος
751 3702 978 3777 μετενηνεγμένον
996 3702 1028 3776 ἐξ
1046 3701 1174 3782 Ὁμήρου,
1194 3704 1231 3760 ad
1251 3702 1328 3773 quod
1343 3718 1395 3758 au·

176 3801 273 3858 eteris
292 3800 388 3858 nostri
408 3815 506 3857 sermo
526 3801 633 3858 referri
652 3801 781 3858 videtur.

233 3897 256 3969 ³)
274 3898 310 3955 [l.
328 3897 369 3968 t,
389 3914 414 3954 o.
429 3901 477 3954 lii:
497 3896 594 3971 Τούτῳ
608 3899 776 3976 παράκειται
790 3898 882 3975 τρίτον
900 3922 926 3958 τε
946 3896 1047 3964 κακίας
1066 3889 1136 3963 εἶδος
1154 3894 1179 3956 ἐν
1193 3896 1251 3966 τοῖς
1267 3900 1388 3966 nebaa-

178 3999 252 4066 κοῖς,
270 3997 335 4076 ὅπερ
356 3998 371 4057 o‘
392 3995 730 4076 Θεόδωροςπαρὲεθυρσον
751 3995 842 4057 indta
858 3995 938 4059 ·ἔστι
958 3995 988 4059 δέ
1005 3997 1097 4065 πάθος
1111 3992 1289 4076 deotpertus*
1307 3998 1392 4067 κενόν,

178 4095 254 4155 ἔνθα
272 4098 311 4168 με)
330 4097 370 4156 δεῖ
389 4095 497 4164 πάθους
515 4093 534 4164 ἦ
552 4095 679 4176 ἄμετρον,
698 4095 771 4157 ἔνθα
790 4096 901 4176 μετρίου
919 4099 968 4156 δεῖ.
986 4098 1007 4154 l.
1027 4114 1054 4152 c.

231 4196 253 4268 ⁴)
272 4199 353 4253 Hane
372 4197 542 4268 opinionem
561 4197 689 4269 protulit
708 4214 755 4254 ex.
774 4213 820 4267 gr.
841 4196 1031 4254 Martensius.

234 4297 257 4366 5)
278 4297 350 4354 Vide
369 4311 470 4367 supra,
481 4311 548 4366 pag.
570 4295 667 4352 17-22:
689 4297 782 4352 codex
801 4309 855 4351 ms.
875 4296 965 4364 paris.
979 4296 1077 4352 solum
1089 4295 1198 4365 viginti
1213 4297 1300 4353 eonst
1322 4297 1332 4353 t
1351 4297 1391 4360 iu·

177 4396 239 4462 liis,
260 4407 351 4467 quum
371 4407 477 4453 comm.
498 4394 615 4463 integer
633 4391 852 4464 quinquaginta
873 4392 1060 4466 replevisset
