3428 5070
319 317 355 382 22

326 442 500 522 aequanda
534 446 586 504 est
621 435 658 528 (o.
683 435 817 528 XLIII).
849 441 1053 524 Priusquam
1083 440 1336 526 progrediamur
1365 447 1446 508 haec
1477 445 1528 507 est

324 561 478 640 ponenda
512 561 673 640 quaesite,
706 578 765 623 cur
799 567 948 624 oratores
980 562 1114 624 omnino
1151 562 1312 625 sublimes
1343 564 1440 643 pauci
1465 564 1527 624 hac

325 679 433 738 aetate
453 675 506 738 vel
542 676 645 739 ferme
677 675 760 736 nulli
786 676 871 754 sint3
904 677 1002 755 quod,
1035 681 1152 740 nostra
1186 678 1364 756 sententia,
1389 695 1465 752 non,
1490 680 1529 738 ut

324 794 460 873 quidam
482 797 576 856 ratus
601 797 653 856 est
675 793 906 874 philosophae,
931 794 1057 858 amissa
1080 793 1120 856 fit
1142 794 1306 871 libertate,
1324 796 1366 857 ad
1390 795 1525 858 alendos

324 931 520 994 magnorum
536 913 747 993 ingeniorum
763 913 905 994 spiritus
922 919 1105 994 mutuaque
1130 916 1341 978 contentione
1359 916 1527 992 augendos

323 1029 466 1090 maxime
490 1029 751 1105 accommodata;
777 1030 835 1090 sed
859 1029 1009 1091 moribus
1026 1030 1193 1110 corruptis
1211 1035 1244 1092 et
1268 1031 1302 1092 in
1318 1030 1436 1110 primis
1453 1049 1526 1092 ava-

322 1143 400 1206 ritia
422 1143 720 1224 voluptatibusque
756 1143 952 1206 immodicis.
986 1143 1050 1206 Sed
1074 1145 1115 1206 ad
1145 1144 1205 1206 illa
1233 1146 1273 1207 de
1305 1145 1428 1224 quibus
1463 1162 1525 1206 nos

323 1258 472 1320 dicturos
506 1257 648 1339 polliciti
680 1274 807 1335 sumus,
841 1259 944 1321 animi
980 1263 1106 1336 motus,
1139 1260 1273 1321 tandem
1308 1260 1525 1322 deveniamus

320 1369 563 1460 (c.xu1v....)
601 1369 621 1459 t.

872 1879 951 1959 Π.

384 2195 414 2264 7.
440 2233 480 2242 -
504 2197 612 2260 Multa
635 2215 740 2278 eaque
772 2197 998 2278 discrepantia
1026 2198 1065 2259 de
1089 2197 1166 2258 libri
1192 2194 1435 2262 11.υ”.ο11ο101·ο
1465 2216 1523 2261 no-

315 2320 385 2379 stro
409 2315 543 2378 saeculo
567 2315 694 2396 scripta
717 2320 807 2394 sunt,
825 2333 909 2394 quae
934 2315 1018 2377 satis
1042 2316 1269 2395 experimento
1292 2317 1522 2396 probaverunt

314 2431 447 2494 fallacia
469 2431 522 2494 vel
547 2431 713 2493 clarorum
736 2432 886 2493 virorum
909 2449 983 2494 esse
1015 2431 1138 2492 iudicia
1166 2450 1206 2493 ex
1237 2432 1437 2494 coniecturis
1469 2433 1523 2494 de-

316 2550 426 2628 ducta,
451 2554 484 2612 et
507 2549 604 2612 facile
628 2567 742 2612 rerum
766 2566 929 2611 novarum
952 2549 1064 2611 studio
1088 2554 1365 2629 {receptarumque
1390 2569 1409 2612 a
1431 2555 1519 2614 vete·

313 2666 408 2727 ribus
433 2665 594 2745 despectu
618 2663 693 2727 fieri
720 2668 758 2727 ut
781 2665 917 2727 incertis
941 2664 1039 2745 plane
1063 2664 1149 2727 salsa
1172 2664 1415 2744 praeferantur.

379 2781 452 2844 Hoc
475 2785 604 2844 certum
629 2786 689 2857 est
715 2781 823 2843 adhuc
847 2782 910 2842 sub
932 2781 1041 2842 iudice
1064 2780 1159 2842 litem
1187 2798 1271 2859 esse,
1304 2798 1521 2862 magnasque,

312 2900 492 2981 quominus
517 2900 717 2976 resolvatur,
743 2899 956 2961 difficultates
981 2900 1123 2976 obstare,
1148 2899 1187 2960 de
1212 2899 1335 2978 quibus
1353 2917 1422 2978 ege,
1448 2917 1522 2962 ean·

313 3019 388 3079 dem
412 3017 645 3096 quaestionem
669 3020 780 3079 mente
805 3019 1025 3093 contrectans
1049 3015 1145 3078 valde
1169 3015 1335 3078 sollicitus
1359 3034 1443 3092 sum,
1462 3017 1522 3078 mi-

312 3134 401 3197 nime
424 3149 504 3196 vero
527 3134 568 3196 de
592 3133 672 3210 illis,
697 3150 783 3212 quae
807 3132 871 3193 viri
895 3132 993 3210 docti,
1017 3132 1106 3211 quod
1137 3132 1339 3194 sententiam
1362 3134 1403 3194 ab
1433 3133 1521 3212 ipsis

312 3250 471 3313 reiectam
496 3249 680 3326 defendam,
695 3249 746 3320 'de
771 3266 822 3310 me
848 3248 981 3310 sensuri
1006 3247 1083 3309 sint.
1108 3247 1288 3311 Enimvero
1312 3266 1420 3329 nuper
1434 3248 1521 3311 Mar·
1620 3237 1624 3242 ’

310 3365 440 3427 tensius
465 3364 601 3443 quidam
625 3364 706 3426 haec
729 3364 880 3444 scripsit:
910 3363 1064 3425 «Mirum
1088 3380 1168 3425 sane
1193 3367 1244 3425 est
1268 3381 1308 3425 ne
1333 3364 1429 3426 hodie
1446 3365 1518 3443 qui-

310 3483 385 3544 dem
411 3481 629 3561 exstirpatam
646 3498 720 3544 esse
737 3480 869 3542 futilem
892 3480 986 3542 illam
1009 3480 1200 3560 opinionem
1216 3480 1255 3542 de
1273 3480 1423 3560 Longino
1439 3479 1519 3542 libri

309 3593 385 3684 cepi
411 3595 507 3680 ὕψους
533 3600 677 3658 auctore.
704 3595 787 3659 Cum
811 3596 900 3658 enim
924 3613 1032 3675 neque
1056 3595 1219 3656 librorum
1242 3595 1440 3657 auctoritate
1464 3595 1518 3658 de-

309 3715 474 3790 fendatur,
501 3717 534 3776 et
557 3713 665 3794 ipsius
696 3713 773 3774 ueri
805 3713 914 3775 maore
950 3712 1048 3793 plane
1084 3711 1289 3788 extrudatur,
1322 3711 1406 3772 niun
1438 3688 1519 3776 nure

308 3833 380 3894 viro
405 3831 497 3894 favet
519 3830 586 3892 nisi
609 3830 760 3909 priorum
783 3833 973 3910 temporum
996 3828 1201 3890 consuetudo
1226 3823 1295 3912 ²);»
1321 3845 1406 3907 quae
1431 3827 1520 3890 mitri

355 4095 378 4159 ¹)
397 4096 523 4165 Reliqua
541 4093 704 4150 dolendum
723 4092 769 4149 est
788 4093 901 4150 deesse.

357 4195 379 4267 ²)
397 4199 513 4254 Luuov.
532 4195 707 4251 Mnarunsn
727 4195 768 4249 De
786 4195 897 4249 Libello
918 4190 956 4248 Π.
976 4191 1001 4249 ri.
1021 4191 1134 4247 dissert.
1145 4193 1254 4260 philol.
1263 4208 1276 4256 ,·
1295 4192 1423 4258 Bounae,
1437 4187 1528 4247 1877:

299 4295 373 4351 citat
391 4294 494 4350 autem
513 4293 544 4348 in
564 4292 665 4347 adnot.
686 4294 725 4346 lo.
746 4292 887 4359 canuam,
910 4290 1023 4346 nimiae
1047 4290 1175 4359 tantum,
1196 4304 1264 4344 mea
1283 4287 1441 4358 sententia,
1466 4287 1524 4344 du-

300 4391 455 4450 bitationis
475 4389 684 4447 incusandum.
