3428 5070
1378 335 1414 400 25

203 461 427 541 temporibus,
452 456 511 523 sed
534 459 562 522 si
589 459 664 540 quis
697 464 802 540 neget,
834 459 946 522 nescio
974 475 1033 522 cur
1067 459 1155 523 idem
1186 475 1313 540 negare·
1341 475 1406 520 non
1483 466 1485 470 ·

203 579 313 658 possit
336 579 532 659 Longinum,
551 578 662 640 virum
677 583 746 640 tam
762 578 851 640 celsa
874 582 983 640 mente
1000 579 1170 659 nobilique
1187 579 1298 640 animo
1314 594 1405 657 prae-

205 695 314 759 ditum
336 696 501 775 planeque
534 671 678 776 dignum¹
703 695 761 774 qui
786 690 859 781 περΐ
881 692 978 776 ὕψους
1012 695 1216 775 scripsisset,
1244 689 1275 756 ἐν
1300 696 1338 778 τῇ
1362 713 1410 754 το-

203 807 302 895 σαύτῃ
329 807 461 894 λοιμικῇ
486 813 541 872 τοῦ
564 804 639 890 βίου
664 803 828 896 διαφθορᾷ
851 805 872 896 ¹)
897 815 1041 874 aetatem
1057 811 1197 890 degisse.
1214 811 1407 886 Praeterea,

204 927 294 1006 quod
317 927 426 989 maius
451 930 512 1005 est,
529 932 644 991 auctor
655 928 727 1008 ipse
752 927 980 990 commentarii
998 927 1104 988 nostri
1121 944 1157 988 se
1174 928 1408 1006 corruptorum

204 1043 378 1106 hominum
409 1061 506 1124 grege
542 1044 809 1123 scriptorumque
844 1044 943 1105 turba
973 1041 1087 1104 servili
1123 1042 1322 1104 circumdari
1357 1041 1408 1102 de·
1462 1093 1464 1098 .

205 1159 310 1222 clarat
333 1155 366 1246 ²).

279 1272 327 1364 10.
354 1309 394 1320 ·—
419 1275 593 1354 Caecilius
618 1277 745 1338 addunt
772 1275 967 1348 adversarii,
999 1274 1034 1337 in
1059 1288 1158 1355 quem
1188 1273 1325 1354 scripsit
1355 1290 1410 1334 no-

205 1395 283 1467 ster,
309 1391 424 1454 rhetor
453 1392 665 1454 Calactianus
697 1392 763 1455 fuit
785 1386 818 1477 ³),
851 1392 976 1454 Romae
1006 1391 1231 1470 eloquentiam
1262 1389 1407 1470 Augusti

205 1509 411 1588 temporibus
436 1509 549 1571 docuit
572 1513 604 1572 et
627 1509 789 1589 Dionysio
821 1508 1113 1571 Halicarnassensi
1147 1506 1409 1570 familiarissime

205 1641 289 1685 usus
314 1629 382 1702 est3
408 1641 578 1704 quumque
601 1625 748 1704 plurima
771 1623 974 1704 scripsisset,
999 1623 1034 1685 in
1058 1623 1179 1702 hisque
1195 1622 1320 1684 librum
1339 1616 1409 1706 sepi

202 1730 311 1822 ὕψους,
336 1744 448 1802 tamen
472 1757 538 1802 non
562 1757 720 1819 magnum
744 1743 920 1801 assecutus
946 1742 997 1800 est
1012 1755 1149 1814 nomen,
1167 1754 1252 1816 quae
1269 1754 1344 1798 cum
1361 1736 1410 1798 ita

204 1855 275 1917 sint
300 1855 389 1935 «qui
414 1854 488 1918 fieri
511 1855 622 1935 potuit
645 1860 683 1916 ut
706 1854 888 1934 Longinus,
912 1853 947 1914 in
972 1853 1069 1933 longe
1094 1852 1223 1914 dissitis
1239 1851 1347 1914 Roma
1363 1869 1410 1913 re·

203 1970 472 2050 gionibuapost
494 1970 559 2031 duo
584 1969 637 2031 vel
661 1969 727 2032 tria
750 1969 893 2047 saecula,
922 1968 1016 2029 illius
1045 1985 1129 2048 opus
1161 1967 1411 2029 retractandum

203 2087 446 2167 suscipereti»
473 2103 577 2166 eoque
601 2086 708 2166 magis
733 2087 822 2165 quod
847 2086 948 2147 verba
973 2081 1262 2166 ἀνασκοπουμένοις
1289 2079 1364 2166 ἡμῖν
1387 2079 1411 2167 4)

204 2203 458 2282 interpretanda
474 2203 558 2264 sint:
581 2223 626 2282 «1-
640 2202 850 2282 propositum
868 2196 1014 2286 (Caecilii
1030 2194 1166 2285 librum)
1183 2216 1291 2279 nuper
1307 2199 1342 2260 in
1365 2199 1412 2279 pi-

204 2319 248 2379 lis
272 2319 488 2380 librariorum
510 2318 728 2398 inspicientes
745 2353 776 2379 -.
795 2317 882 2380 Nam
906 2315 981 2378 fieri
997 2321 1070 2378 tum
1086 2317 1236 2394 debebat,
1254 2314 1337 2376 artis
1365 2319 1412 2394 ty-

202 2434 392 2517 pograficae
416 2435 558 2513 defectu,
583 2439 622 2497 ut
644 2435 732 2498 docti
758 2453 872 2497 omnes
898 2435 940 2496 ad
962 2434 1139 2496 librarium
1162 2433 1269 2511 illum,
1283 2433 1341 2512 qui
1358 2450 1412 2495 no-

203 2570 284 2614 vum
307 2552 431 2614 librum
455 2553 670 2632 proponebat,
696 2552 889 2613 avidissime
914 2554 1153 2613 concurrerent
1177 2544 1199 2635 ⁵)
1214 2571 1242 2611 >›.

274 2668 370 2741 Quod
394 2669 435 2730 ad
459 2667 639 2732 Caecilium
663 2685 747 2748 pene
770 2667 945 2748 pueriliter
967 2667 1026 2728 illa
1054 2667 1150 2728 nobis
1183 2667 1271 2728 dicta
1301 2667 1412 2730 viden·

205 2790 280 2862 tur,
305 2801 392 2861 nam,
418 2787 456 2845 ut
479 2783 622 2844 missum
646 2784 766 2845 faciam
790 2782 1049 2845 existimationis
1073 2783 1157 2845 satis
1182 2782 1212 2844 oi
1237 2783 1327 2863 apud
1343 2785 1413 2859 rbe-

204 2904 295 2962 tores
320 2902 427 2961 aetate
452 2898 655 2979 posteriores
680 2898 796 2977 fuisso,
820 2902 859 2960 ut
891 2899 991 2961 etiam
1007 2903 1084 2978 post
1115 2898 1305 2978 Longinum
1329 2917 1413 2961 com-

202 3017 447 3076 memoraretur
472 3007 505 3097 ὓ1,
531 2999 611 3092 quid
635 3012 758 3074 mirum
782 3013 980 3093 scriptorem
1011 3013 1175 3078 derebus
1206 3012 1274 3074 iam
1305 3013 1411 3074 multo

231 3239 391 3250 u———n——n

255 3395 276 3461 ¹)
297 3393 420 3452 [1111.
441 3394 536 3450 XLIV.

255 3492 276 3564 2)
296 3493 419 3548 Praeter
438 3493 546 3559 locum,
569 3503 657 3560 quem
678 3503 770 3559 supra
789 3488 958 3557 citavimus
978 3487 1032 3544 cir.
1054 3488 1084 3544 in
1104 3489 1207 3544 eorlem
1228 3488 1325 3558 capito
1339 3502 1415 3558 quac

200 3594 397 3664 philosophus
410 3593 531 3662 quidam
542 3590 676 3646 eiusdem
690 3589 799 3645 aetatis
812 3589 973 3658 deplorans
986 3589 1153 3664 inrluoitur3
1169 3589 1306 3664 interque
1321 3591 1417 3646 multa

201 3695 291 3749 baec:
311 3690 386 3750 ου’δέν
404 3691 446 3748 ὅτι
466 3687 505 3761 μή
522 3688 638 3754 κόλακες
657 3684 820 3758 ε’κβοιὶνομεν
839 3685 1030 3764 μεγαλοφυής.

256 3789 279 3862 3)
299 3787 365 3847 'Aac'
383 3785 481 3856 Καλῆς
500 3784 608 3855 ’aazia
627 3800 717 3856 quam
738 3786 856 3842 constat
874 3785 993 3840 Siciliae
1013 3785 1116 3843 urbem
1137 3786 1240 3843 fuisse.

256 3888 279 3960 ⁴)
299 3885 336 3944 H.
357 3884 393 3958 a,
413 3903 436 3943 o.
456 3889 476 3942 l.

256 3985 278 4056 5)
298 3986 444 4054 limatius,
463 3986 482 4040 1.
503 4002 527 4041 e.

257 4083 278 4155 ὓ)
297 4086 433 4141 chacun
452 4083 499 4140 est
518 4083 630 4139 mentio
649 4083 727 4152 apud
747 4081 921 4152 Dionysium
942 4083 1034 4138 Halie.
1053 4083 1083 4136 in
1104 4082 1195 4152 Epist.
1208 4081 1245 4138 ad
1265 4084 1416 4138 011.Ρο111·

200 4182 319 4254 peium3
339 4182 535 4237 Plutarchum
554 4181 584 4236 in
605 4181 662 4236 Cic.
683 4181 713 4235 et
733 4183 765 4236 V.
787 4183 812 4235 X
832 4180 1001 4250 rhetorum
1021 4180 1238 4247 Quintilianum
1258 4184 1302 4250 ill,
1320 4182 1349 4248 l;
1369 4183 1417 4248 lll,

200 4283 235 4349 33
255 4281 441 4336 Athenaeum
462 4283 505 4351 Vl,
527 4279 582 4352 lil3
602 4280 750 4350 Photium,
769 4279 891 4336 suidam
911 4281 1046 4349 aliosque
1066 4280 1221 4336 -Omnia
1240 4280 1305 4337 eius
1324 4295 1417 4350 opera

200 4378 424 4436 desiderantur.
