3428 5070
400 1001 463 1094 nr
496 1001 703 1098 tractu
733 1023 818 1129 ap
843 1025 971 1124 “rra
999 1005 1247 1100 lucrose

801 1726 845 1807 1.

292 2023 311 2092 Ι.
330 2063 370 2073 -
388 2027 578 2106 Antequam
603 2045 695 2090 anno.
707 2025 934 2091 MDCCCVHI
950 2031 1167 2093 acutissimus
1184 2032 1240 2094 ille
1257 2037 1290 2096 et
1313 2035 1430 2097 doctis-

220 2143 327 2205 simus
352 2144 573 2206 bibliothecae
597 2143 774 2208 Chisianae
800 2145 991 2226 praefectus
1016 2147 1243 2227 Hieronymus
1273 2149 1428 2214 Amatius

218 2257 290 2320 suis
319 2259 586 2322 dubitationibus
618 2260 850 2338 quaestionem
879 2260 919 2322 de
956 2264 1090 2324 auctore
1119 2262 1225 2325 libelli
1257 2264 1314 2342 qui
1346 2261 1424 2348 Περι

218 2369 315 2454 ὕψους
339 2374 538 2438 inscribitur
561 2375 733 2438 attulisset
758 2370 790 2461 ¹),
817 2393 902 2455 quae
930 2375 1115 2438 multorum
1144 2377 1262 2441 deinde
1286 2379 1429 2441 clarissi-

224 2507 355 2553 morum
378 2491 552 2554 hominum
576 2492 711 2574 ingenia
743 2493 900 2568 exercuit,
926 2492 980 2555 hie
1013 2510 1137 2555 aureus
1170 2494 1429 2557 commentarius

221 2602 336 2669 Cassio
367 2607 518 2690 Longino
549 2609 686 2687 rhetori,
720 2627 820 2689 quem
851 2609 936 2672 falso
968 2613 1001 2672 et
1031 2609 1237 2689 Dionysium
1268 2628 1424 2674 censores

220 2726 351 2786 veteres
375 2724 589 2805 appellabant
614 2720 645 2811 ²),
673 2726 824 2788 omnium
848 2744 1013 2789 consensu
1039 2727 1258 2790 tribuebatur.

285 2839 316 2905 2.
342 2875 383 2883 —
407 2839 458 2903 De
482 2840 624 2921 Longini
642 2841 753 2921 patria
776 2841 871 2904 nulla
887 2846 939 2905 est
955 2846 1047 2904 certa
1063 2841 1183 2904 notitia
1190 2865 1199 2918 3
1217 2840 1316 2904 multi
1338 2841 1428 2904 enirn

216 2975 293 3019 eum
316 2958 556 3038 Palmyrenum
579 2959 782 3035 existimant,
809 2959 867 3021 alii
891 2959 1133 3021 Atheniensem
1157 2958 1264 3020 fuisse
1288 2963 1419 3021 conten·

215 3073 309 3149 dunt,
341 3075 493 3136 nonnulli
525 3074 626 3137 etiam
649 3091 826 3155 perperam
856 3075 1095 3155 Pamphylium
1102 3098 1110 3152 ;
1143 3109 1165 3118 -
1191 3091 1253 3135 nos
1283 3074 1419 3137 illorum

215 3189 364 3268 opinioni
388 3191 576 3254 accedimus
608 3191 665 3270 qui
694 3191 891 3254 Emisenum
921 3195 1043 3272 putant
1066 3190 1119 3252 his
1143 3191 1345 3271 praesertim
1369 3209 1417 3256 ar-

216 3308 394 3385 gumentis
414 3310 503 3387 quod
518 3308 591 3371 eius
615 3312 723 3371 mater
738 3309 941 3371 Phrontonis
958 3309 1075 3390 procul
1099 3309 1201 3371 dubio
1219 3313 1310 3371 esset
1326 3309 1417 3389 Syra,

216 3424 250 3483 et
265 3421 444 3485 Emisenus
461 3424 610 3486 Phronto
628 3423 815 3486 avunculus
834 3423 1070 3504 appellaretur,
1090 3423 1148 3502 qui
1172 3423 1325 3501 Athenis,
1344 3442 1420 3486 cum

216 3539 274 3601 diu
298 3557 484 3620 magnaque
508 3541 605 3604 laude
631 3540 856 3620 eloquentiam
880 3541 1058 3616 docuisset,
1085 3540 1246 3617 moriens,
1273 3558 1350 3602 eum
1373 3541 1426 3604 he-

216 3656 328 3719 redem
352 3658 501 3721 instituit
517 3653 557 3744 8);
576 3659 719 3738 denique
736 3659 824 3738 quod
840 3658 999 3735 Emisam,
1017 3661 1056 3720 ut
1072 3659 1215 3734 videtur,
1237 3659 1424 3722 declinante

216 3777 323 3836 aetate
339 3773 521 3855 Longinus,
539 3776 611 3838 sive
637 3778 675 3837 ut
691 3775 957 3855 consanguineos
982 3774 1153 3850 inviseret
1172 3774 1243 3837 sive
1267 3778 1308 3837 ut
1324 3775 1424 3838 aliam

215 3889 261 3951 ibi
284 3890 504 3954 hereditatem
532 3891 647 3968 adiret,
675 3908 711 3954 se
742 3890 997 3956 contulisset-
1030 3887 1094 3956 Sed
1127 3890 1210 3956 satis
1243 3893 1294 3957 est
1325 3892 1422 3954 nobis

267 4161 285 4234 ¹)
302 4165 334 4220 V.
354 4163 435 4219 infra
454 4178 522 4233 pag.
543 4164 589 4223 32.

265 4258 288 4327 2)
308 4259 344 4314 V.
364 4275 431 4329 pag.
451 4259 488 4314 32
506 4260 537 4314 et
556 4260 626 4316 ibid.
648 4258 675 4315 n.
700 4259 726 4316 1.

267 4358 290 4432 ³)
310 4359 425 4428 StridaS,
445 4374 473 4415 v,
494 4356 631 4436 Φρόντων.
