3428 5070
1370 303 1405 366 45

196 413 250 492 τὴν
278 413 373 494 δόξαν
398 411 554 494 Ἰουδαῖος
586 428 726 487 vetatur
753 441 773 486 a
796 415 907 498 Suida
933 419 1087 508 etteuius
1115 424 1240 486 librum
1268 425 1400 505 ipsein

198 540 353 602 manibus
378 540 562 620 habuisset,
586 545 778 604 mutuatum
803 557 886 602 esse.

263 653 458 728 Quaerere
480 673 602 736 parum
626 655 668 717 ad
691 673 762 733 nee,
781 672 857 718 cum
880 655 1026 718 Joannes
1044 655 1203 720 Siceliota
1228 675 1294 719 nen
1311 657 1400 720 dieat

195 771 384 853 Longinum
401 773 602 835 Iudaeorum
617 772 733 836 literas
751 773 918 851 calluisse,
935 773 1090 853 quamvis
1107 774 1169 837 hoc
1187 775 1398 855 probabilius

195 887 358 967 videatur,
384 889 443 950 sed
466 887 609 951 Genesis
633 888 752 965 locum,
784 888 1093 984 quomodocumque
1126 889 1308 969 cognitum,
1333 890 1401 952 lau-

196 1003 340 1066 davisse.
358 1005 483 1068 Tamen
500 1004 609 1068 faeere
625 1023 692 1067 non
707 1022 857 1086 possum,
875 1005 956 1085 quiu
971 1005 1126 1068 obiiciam
1143 1007 1204 1069 hoc
1227 1025 1288 1087 pre
1310 1011 1400 1069 certo

195 1117 386 1181 habendum
409 1137 494 1197 esse,
518 1119 709 1199 Longinum
730 1121 848 1184 maiori
872 1137 948 1184 cum
972 1121 1146 1200 diligentia
1169 1121 1266 1183 illum
1288 1121 1400 1184 locum

196 1235 378 1299 allaturum
402 1237 519 1314 luisse,
543 1238 572 1299 si
598 1237 687 1317 apud
711 1237 901 1315 Caecilium,
919 1238 972 1300 eui
1002 1255 1082 1300 suae
1099 1238 1208 1319 ipsius
1225 1239 1398 1319 religionis

194 1352 273 1414 libri
297 1353 467 1415 notissimi
491 1369 564 1416 esse
589 1354 763 1431 debebant,
786 1354 980 1416 invenisset.
1001 1353 1112 1428 Quare
1136 1355 1324 1437 putandum
1349 1359 1401 1417 est

195 1474 350 1532 nostrum
375 1489 416 1533 ex
438 1471 600 1534 memoria
622 1471 736 1552 petius
760 1489 836 1534 eum
852 1472 960 1534 multa
983 1489 1178 1550 graecorum
1196 1472 1401 1552 scriptorum

194 1587 372 1652 immutata
394 1590 449 1652 vel
472 1589 678 1670 imperfecta,
710 1593 782 1652 tum
806 1589 887 1652 haec
918 1588 1045 1668 Moysis
1070 1589 1239 1668 citavisse,
1276 1590 1401 1669 quippe

197 1704 338 1782 quinon
356 1721 479 1766 munus
503 1703 712 1766 existimaret
728 1722 801 1768 esse
826 1721 926 1766 suum
946 1725 962 1764 «
973 1710 1011 1768 ut
1027 1722 1130 1784 quam
1146 1704 1400 1768 accuratissime

196 1824 229 1883 et
256 1820 510 1900 religiosissime
541 1821 675 1902 singula
704 1821 909 1883 adscriberet
933 1821 1161 1902 exemplorum
1184 1824 1296 1901 verba,
1330 1825 1400 1900 sed,

195 1954 262 2018 quo
290 1943 362 2001 erat
390 1938 535 2018 ingenie,
565 1939 649 2001 satis
682 1938 801 2001 habuit
832 1939 1011 2018 diligenter
1043 1941 1199 2003 attulisse
1236 1941 1281 2018 id,
1314 1941 1403 2021 qued

199 2071 368 2116 summum
393 2058 483 2117 esset
506 2053 775 2134 uniuscuiusque
799 2055 847 2116 rei
874 2048 936 2140 ι)>>.

262 2169 349 2232 Sunt
372 2169 429 2232 alii
454 2164 476 2254 ²)
501 2169 559 2249 qui
584 2174 752 2248 censeant,
777 2205 799 2215 -
822 2170 911 2250 quod
935 2169 1072 2232 maioris
1104 2171 1264 2250 penderis
1289 2176 1351 2252 est,
1378 2205 1399 2218 -

199 2285 309 2349 locum
331 2287 552 2367 probabiliter
575 2288 745 2367 abaliquo
769 2288 887 2351 iudaeo
911 2288 965 2350 vel
985 2288 1169 2351 christiane
1190 2289 1401 2369 temporibus

195 2402 438 2482 posterioribus
473 2402 713 2483 interpolatum
744 2420 828 2480 esse,
866 2403 955 2482 quod
983 2418 1049 2465 nou
1085 2404 1169 2466 bene
1210 2403 1280 2465 illis
1316 2421 1401 2483 quae

198 2520 402 2598 praecedunt
425 2524 458 2582 et
481 2523 671 2599 sequuntur
692 2520 820 2599 Moysis
844 2522 947 2582 verba
970 2521 1225 2602 coniungantur.

263 2636 371 2708 Quam
388 2636 579 2716 opinionem
595 2653 710 2699 omnes
734 2640 904 2716 respuent,
919 2636 976 2716 qui
1003 2639 1103 2716 eaput
1119 2640 1228 2699 totum
1244 2636 1400 2717 legerint,

195 2752 506 2832 sententiarumque
530 2753 681 2815 ordinem
705 2753 968 2815 observaverint.
986 2753 1113 2816 Auctor
1140 2753 1229 2815 enim
1252 2754 1400 2833 primum

197 2868 357 2931 orationis
382 2867 624 2931 sublimitatem
649 2886 722 2930 esse
739 2869 835 2931 docet
851 2869 955 2930 animi
978 2870 1090 2951 magni
1117 2870 1210 2932 velut
1233 2887 1401 2950 repercus-

196 3002 272 3046 sum
288 3002 407 3048 senum
416 3009 425 3062 3
444 2985 562 3047 deinde
579 2984 764 3047 Homerum
781 2989 854 3047 tum
871 2986 1011 3067 saepius
1032 3003 1105 3048 eam
1122 2986 1281 3066 consequi
1298 3004 1402 3065 quum

196 3101 335 3163 deorum
358 3101 454 3164 nobis
486 3101 707 3164 nobilissimis
739 3102 851 3165 verbis
875 3103 1061 3183 potentiam
1094 3103 1317 3180 demonstret;
1347 3102 1401 3163 hic

199 3215 305 3279 addit:
325 3253 346 3263 -
362 3216 474 3279 Huius
490 3215 569 3280 vero
586 3218 721 3299 dignam
737 3218 918 3299 imaginem
935 3217 1036 3281 etiam
1064 3218 1176 3299 legum
1201 3219 1401 3282 Iudaeorum

200 3315 346 3414 scriptor
362 3333 453 3396 dedit
461 3358 469 3412 ;
487 3369 508 3378 -
524 3334 635 3415 pergit
651 3339 763 3396 autem
779 3335 1014 3397 demonstrans
1030 3352 1096 3414 quo
1116 3335 1212 3396 medo
1230 3334 1398 3396 Homerus

195 3452 228 3510 et
251 3447 370 3511 heroas
393 3449 584 3512 sublimiter
599 3449 783 3528 describat3
809 3449 977 3512 concludit
993 3451 1127 3512 demum
1153 3453 1308 3513 statuens
1326 3450 1400 3512 Ilia·

196 3563 270 3629 dem
294 3566 385 3629 virili
408 3567 520 3645 aetati,
553 3566 730 3630 Odisseam
752 3571 871 3647 poetae
894 3567 1059 3630 senectuti
1092 3567 1330 3629 adscribendas
1355 3568 1400 3629 vi-

195 3682 275 3746 deri.
308 3719 329 3728 -
361 3683 478 3764 Igitur,
507 3684 655 3747 Mosaica
682 3683 761 3747 licet
789 3685 892 3747 verba
915 3684 950 3746 in
982 3683 1090 3765 capite
1127 3684 1281 3763 uitentur,
1313 3683 1401 3763 quod

176 3853 336 3868 m

247 3943 267 4017 ¹)
286 3951 329 4004 Ex
349 3948 439 4003 Henr.
460 3946 573 4002 Herseli
596 3946 681 4005 diss:
703 3949 767 4007 Qua
786 3945 817 4003 iu
834 3946 962 4004 citandis
980 3949 1167 4016 scriptorum
1187 3954 1214 4004 et
1229 3952 1308 4016 poet.
1333 3950 1407 4004 loeis

186 4049 405 4104 coeternas.
426 4042 453 4102 t.
473 4062 547 4102 ueras
565 4046 604 4101 sit
623 4049 762 4114 roclena·
782 4047 921 4114 Berolini‚
945 4049 1019 4103 1884.

241 4145 265 4220 2)
284 4146 402 4202 Primus
422 4148 618 4205 rapueras
638 4147 668 4202 in
687 4161 744 4203 sua
762 4147 844 4216 edit„
863 4147 1091 4215 amstelodami,
1114 4146 1190 4215 1733,
1204 4161 1292 4216 quem
1311 4147 1405 4204 secuti

187 4247 260 4303 sunt
279 4247 309 4300 b.
324 4245 600 4310 Wrrrnuaseurus
619 4246 650 4300 c.
665 4245 912 4312 Vacuanauaus,
932 4247 983 4300 Fa.
999 4247 1031 4300 A.
1045 4245 1207 4316 Weurrus,
1229 4246 1304 4301 Aue.
1324 4245 1407 4302 Mur-

192 4359 273 4410 rma,
294 4345 383 4399 Luou.
405 4345 606 4400 Seuuouarus.
