3428 5070
1411 319 1447 377 33

236 434 298 510 est,
325 449 400 497 cum
424 430 459 492 in
481 430 610 512 primae
633 429 773 512 paginae
786 434 881 511 parte
899 450 1030 495 summa
1043 435 1084 495 ab
1109 433 1285 496 Holstenio
1321 433 1440 497 descri-

231 555 290 631 pta
313 552 416 612 verba
435 542 592 632 Aoyylooo
610 547 683 634 cepi
703 543 797 648 ripam
816 545 908 632 ltpoo
933 550 1088 630 legantur
1115 552 1156 614 ad
1173 569 1297 614 novum
1322 570 1439 633 suppo·

233 665 379 728 nendum
404 665 540 728 titulum
564 665 599 727 in
622 665 746 728 veteris
769 666 889 742 locum,
923 665 1029 742 cuius
1054 684 1073 727 a
1096 665 1233 728 librario
1264 642 1440 747 glutinato-

233 784 423 861 re-resocti‚
447 784 555 846 adhuc
579 801 699 846 nomen
723 777 882 865 Aoyybeo
907 787 1028 845 manet.

299 902 365 964 Sed
388 904 429 965 ad
452 902 624 964 Amatium
648 906 866 978 revertamus
902 902 960 982 qui
987 902 1034 964 sic
1059 902 1142 963 illud
1167 903 1256 981 quod
1288 904 1386 965 obiici
1411 904 1440 965 ei

232 1021 409 1100 potuisset,
434 1021 624 1100 occupavit:
649 1020 758 1083 «Non
783 1007 927 1100 amplius
952 1021 1028 1099 quis
1053 1024 1208 1100 opponat,
1234 1020 1319 1082 illud
1349 1019 1439 1092 ›iex-

233 1136 351 1216 plicari
376 1137 496 1199 debere
519 1154 579 1216 pro
604 1155 644 1198 ea
674 1132 916 1214 coniunctione,
947 1154 1048 1215 «luam
1079 1137 1114 1198 in
1146 1137 1439 1200 multinominibus

230 1257 361 1317 veteres
386 1254 597 1332 adhibebant,
630 1258 669 1316 ut
700 1254 746 1316 sit
776 1254 962 1333 Dionysius
989 1255 1105 1333 quiet
1138 1255 1320 1334 Longinus.
1355 1255 1442 1319 Nam
1544 1235 1549 1244 ’

220 1358 314 1432 ‘haec
340 1372 429 1451 apud
453 1370 598 1434 Graecos
621 1371 657 1432 in
681 1374 771 1433 recto
797 1387 932 1450 semper
959 1370 1027 1432 suit
1052 1363 1082 1440 bc
1109 1367 1177 1446 καί,
1202 1347 1238 1433 et
1258 1371 1295 1433 in
1309 1371 1443 1451 obliquo

232 1488 291 1547 τοῦ
314 1487 378 1579 aci.
394 1507 411 1545 »
439 1487 502 1548 His
526 1487 723 1567 praemissis
752 1487 793 1549 ad
819 1487 1069 1549 conclusionem
1095 1486 1162 1548 iam
1194 1487 1313 1571 pergit,
1347 1487 1443 1549 adfir-

133 1671 134 1678 .
234 1619 330 1664 mans
353 1603 478 1664 librum
502 1599 542 1668 ll.
565 1601 593 1664 d.
617 1620 677 1664 nec
702 1603 855 1683 Longino
878 1597 899 1688 ¹)
927 1620 987 1665 nec
1005 1602 1078 1664 eius
1096 1603 1217 1666 aetatis
1236 1603 1392 1682 cuiquam
1419 1600 1442 1690 ²)

225 1721 378 1796 adscribi
402 1737 512 1800 posse,
538 1721 597 1802 sed
628 1720 754 1783 saeculi
788 1721 942 1800 augustei
979 1719 1148 1800 scriptori,
1178 1721 1237 1799 qui
1267 1721 1358 1783 haud
1388 1722 1443 1783 du·

232 1839 285 1900 bie
319 1839 504 1918 Dionysius
537 1839 849 1901 Halicarnassensis
889 1839 1000 1916 fuerit,
1021 1831 1106 1901 'tum
1141 1839 1230 1918 quod
1261 1841 1363 1902 codex
1385 1840 1441 1901 ille

132 1982 135 1987 ·
168 1934 171 1938 ⁵
233 1957 336 2019 fronti
360 1957 562 2036 inscriptum
586 1956 658 2018 eius
684 1973 805 2017 nomen
829 1955 958 2031 habeat,
974 1958 1046 2017 tum
1065 1957 1154 2034 quod
1172 1959 1288 2019 auctor
1304 1975 1340 2020 se
1357 1958 1441 2019 duos

232 2073 336 2134 libros
366 2073 405 2134 de
439 2073 654 2134 collocatione
689 2073 868 2134 verborum
907 2089 1062 2134 exarasse
1095 2076 1265 2149 memoret,
1298 2091 1441 2152 quorum

232 2187 318 2250 alter
340 2187 429 2250 inter
468 2188 718 2249 Halicarnassei
754 2204 855 2267 opera
886 2187 1052 2249 rhetorica
1087 2188 1243 2267 supersit.
1276 2187 1439 2265 Ceterum,

232 2303 351 2383 pergit,
379 2303 483 2383 «ipse
509 2303 627 2382 stylus
656 2321 693 2365 ac
718 2303 837 2364 modus
869 2302 1028 2381 loquendi
1062 2303 1208 2383 grandis
1240 2304 1359 2381 virilis
1393 2323 1440 2368 ca-

231 2419 488 2500 stigatissimus‚
515 2420 612 2500 longe
637 2421 678 2482 ab
702 2419 760 2481 illo
786 2422 935 2481 remotus
961 2419 1144 2499 sophistico
1169 2423 1202 2482 et
1237 2420 1350 2496 fracto,
1382 2421 1439 2500 qui

232 2552 314 2597 aevo
338 2535 543 2598 Aurelianeo
568 2535 710 2616 vigebat,
736 2534 985 2615 pusillanimem
1009 2534 1163 2597 criticum
1186 2536 1357 2616 impellere
1389 2537 1440 2598 de·

235 2654 342 2729 bebai,
368 2657 407 2714 ut
429 2652 592 2732 Dionysio
616 2653 788 2733 Augusteo
806 2671 889 2732 opus
906 2653 967 2714 hoc
983 2652 1213 2714 indubitanter
1226 2645 1403 2725 adsereret.
1419 2675 1435 2712 »

299 2766 363 2829 Sed
387 2767 489 2829 nimis
514 2768 666 2848 expedite
692 2766 846 2830 Amulius
872 2768 1082 2860 inanimum
1117 2786 1218 2830 suurn
1248 2769 1380 2830 induxit
1410 2787 1440 2831 o-

232 2885 346 2949 mnino
372 2885 552 2965 scriptoris
578 2886 684 2948 nostri
709 2889 742 2947 et
758 2885 1069 2948 Halicarnassensis
1086 2887 1190 2948 libros
1207 2887 1295 2966 stylo
1311 2887 1439 2950 similes

233 3016 307 3060 esse
331 2993 373 3082 8);
399 3000 554 3061 omnibus
580 3000 678 3075 enim,
704 2999 762 3078 qui
786 3000 826 3062 de
858 3000 1035 3078 utriusque
1067 2999 1202 3080 scriptis
1227 3004 1437 3081 cognoscant

233 3115 297 3177 erit
321 3115 417 3177 facile
442 3132 643 3194 persuasum
667 3131 733 3177 non
757 3095 854 3176 modo
878 3116 975 3192 huno,
1006 3118 1132 3177 ceteros
1161 3115 1311 3178 rhetores
1329 3115 1437 3177 dicen-

232 3231 265 3295 di
289 3231 475 3312 praeceptis
501 3231 758 3307 antecedentem,
784 3231 881 3311 longe
905 3231 945 3293 ab
970 3235 1104 3294 auctore
1129 3235 1243 3294 nostro
1268 3232 1433 3314 elegantia

282 3474 305 3539 1)
323 3476 420 3532 Etiam
445 3475 522 3546 quod
543 3476 657 3546 Sullae,
678 3491 705 3532 v.
725 3455 857 3549 Λογγῖνος
876 3475 1007 3544 Kirna,
1028 3477 1108 3532 inter
1127 3477 1224 3532 multa
1243 3478 1333 3534 huius
1346 3478 1444 3533 rheto-

228 3573 271 3630 ris
290 3588 382 3643 opera
401 3573 510 3630 librum
532 3573 570 3630 Π,
590 3571 616 3630 d.
637 3589 694 3629 nou
714 3575 943 3644 commemoret3
961 3575 1012 3630 sed
1031 3575 1067 3630 de
1086 3575 1141 3630 boc
1161 3574 1229 3629 vide
1249 3590 1316 3644 pag.
1336 3575 1380 3631 38.

280 3675 304 3735 ²)
323 3671 510 3728 Praesertim
531 3672 608 3741 quod
628 3673 669 3728 sit
688 3673 763 3728 liber
784 3673 987 3742 praestantior
999 3674 1150 3742 elegantia
1163 3674 1308 3730 orationis
1326 3673 1444 3730 senteu-

227 3772 399 3841 tinrumque
424 3771 595 3838 nobilitate;
614 3772 644 3826 in
664 3757 757 3841 eoque
771 3785 838 3827 cum
858 3769 876 3837 η’
895 3773 945 3838 τῆς
963 3771 1125 3845 οἰκουμένης
1143 3769 1236 3849 εἰρήνη
1250 3773 1443 3842 memoretur,

226 3871 291 3924 turn
311 3867 394 3923 nulla
419 3867 596 3922 inveniatur
616 3866 797 3937 scriptorum
817 3883 892 3924 aevo
911 3869 1058 3935 augusteo
1086 3869 1285 3937 posteriorum
1315 3868 1444 3924 mentio:

226 3966 388 4036 dequibus
413 3964 551 4022 omnibus
571 3965 760 4033 argumentis
780 3979 833 4020 suo
854 3966 918 4021 loco
938 3965 998 4020 iam
1013 3964 1160 4033 dirimus;
1180 3979 1208 4017 v.
1221 3979 1314 4033 supra
1326 3980 1394 4035 pag.
1408 3965 1444 4020 23

225 4060 257 4116 et
275 4076 336 4130 seq.

278 4159 300 4231 3)
319 4161 391 4215 Vide
411 4159 453 4216 sis
475 4159 511 4214 de
531 4160 585 4215 boo
605 4162 639 4214 N.
659 4161 775 4214 Morum
796 4158 825 4212 in
846 4173 978 4228 prooem.
1004 4174 1076 4214 suae
1102 4159 1180 4228 edit,
1207 4159 1333 4228 Lipsiae,
1360 4159 1443 4226 17693

227 4261 258 4315 et
276 4261 331 4315 Tb.
356 4259 526 4316 Ernestium
549 4260 576 4314 in
598 4260 724 4330 praefat.
748 4259 817 4315 Lero.
838 4261 1039 4332 toclrnolopr'oe
1060 4261 1165 4316 Graec.
1193 4261 1369 4328 rhetoricae,
1396 4261 1441 4318 Li·

226 4357 318 4430 usiae,
343 4355 422 4414 1795.
