3428 5070
292 335 324 390 le

294 447 491 527 Xenophon,
518 447 623 524 Plat0,
649 448 850 525 Herodotus,
879 453 989 512 cetera
1022 449 1153 525 summi,
1181 448 1333 512 incidunt
1365 445 1402 532 (c.
1435 441 1503 533 Ν)

294 567 345 630 Ex
368 567 487 629 iisdem
504 569 614 630 causis
636 568 716 630 haec
733 569 844 629 omnia
860 568 943 630 vitia
961 567 1118 630 oriuntur
1135 572 1234 647 atque
1251 567 1500 647 magnificentia

292 683 417 763 attingi
440 688 560 763 potest,
587 683 809 764 splendorque
835 683 1005 759 orationis,
1038 684 1239 762 praesertim
1280 687 1440 745 exornata
1472 686 1505 744 et

295 801 391 862 suavi
420 800 620 877 elocution03
655 804 705 863 est
738 801 843 880 igitur
874 800 959 862 ratic
992 801 1156 879 quaedam
1185 800 1377 880 perspicua,
1409 799 1504 861 cuius

294 917 418 979 auxilio
442 933 605 997 regamur,
632 918 811 979 statuenda
835 911 873 1001 (c.
898 911 939 1001 V)
963 911 994 1002 ¹).
1021 916 1116 978 Hanc
1144 933 1223 978 vero
1248 917 1419 979 consecuti
1444 917 1503 978 eri-

213 1063 217 1069 ·
294 1035 425 1111 mussi,
444 1051 596 1113 quaeres
621 1039 673 1096 est
697 1035 831 1096 omnino
856 1033 1009 1110 difficilis,
1040 1038 1165 1096 certam
1187 1034 1342 1096 notitiam
1368 1035 1505 1096 clarum·

296 1168 361 1229 que
391 1149 430 1211 de
462 1149 669 1211 sublimitate
697 1148 860 1210 iudicium
891 1150 988 1233 nohis
1023 1150 1331 1228 comparaverimus
1365 1144 1403 1235 (c.
1435 1145 1504 1235 Vl).

298 1268 384 1331 Vera
407 1268 468 1329 hoc
493 1287 512 1330 a
536 1267 647 1329 fallaci
672 1267 833 1329 orationis
858 1267 1065 1328 sublimitate
1096 1267 1324 1347 distinguitur,
1344 1268 1433 1346 quod
1448 1267 1506 1330 illa

296 1385 424 1448 animos
450 1384 557 1464 erigit,
583 1384 692 1462 iisque
716 1384 815 1462 plura
839 1400 940 1462 quam
964 1400 1049 1462 quae
1076 1382 1165 1444 dicta
1197 1384 1267 1444 sint
1299 1385 1506 1446 consideran-

295 1503 337 1564 da
361 1497 519 1581 reliquit,
535 1517 732 1581 semperque
758 1504 791 1562 et
814 1501 938 1579 ubique
963 1504 996 1562 et
1019 1500 1173 1561 omnihus
1205 1500 1314 1580 placet
1351 1493 1388 1584 (c.
1418 1494 1505 1584 VII).

295 1617 450 1697 Quinque
488 1621 569 1679 sunt
601 1617 702 1678 huius
735 1617 872 1680 virtutis
904 1617 1065 1679 uberrimi
1096 1617 1220 1693 fontes,
1260 1633 1344 1696 quos
1376 1618 1507 1680 dicendi

296 1736 437 1797 facultas
462 1733 650 1797 necessarie
686 1735 784 1797 dehet
808 1734 974 1797 comitari:
1005 1734 1126 1796 horum
1160 1735 1275 1815 magni
1300 1734 1402 1796 animi
1435 1752 1507 1797 sen-

294 1870 352 1914 sus
371 1847 392 1938 2)
410 1853 691 1930 vehementesque
710 1851 851 1914 affectus
869 1847 892 1937 ³)
910 1847 1005 1937 (quos
1022 1852 1109 1914 male
1134 1851 1297 1914 Caecilius
1314 1851 1507 1931 praetermi-

294 1965 349 2055 sit)
382 1971 528 2032 maxima
560 1988 600 2032 ex
628 1974 723 2050 parte
755 1975 836 2033 sunt
869 1969 1067 2047 naturales,
1096 1973 1174 2049 apta
1207 1985 1286 2030 vero
1320 1967 1507 2049 figurarum

296 2086 513 2148 conformatio
536 2080 571 2167 4),
597 2085 719 2147 nobilis
744 2084 887 2147 elocutio
913 2081 947 2170 ⁶),
977 2083 1156 2166 magnifica
1182 2084 1377 2164 compositio
1402 2078 1425 2169 ⁰)
1458 2101 1506 2148 ar-

294 2201 338 2264 tis
362 2201 549 2280 praeceptis
574 2200 706 2280 adquiri
729 2205 874 2280 possunt
897 2195 935 2286 (c.
961 2195 1055 2286 VIII)
1080 2195 1113 2284 l).

360 2315 506 2394 Mentem
530 2317 754 2396 spiritumque
779 2333 911 2396 semper
935 2317 1042 2379 celsae
1062 2316 1154 2378 alant
1170 2317 1409 2396 cogitationes,
1427 2315 1507 2378 elati

295 2434 384 2496 enim
408 2433 512 2495 animi
536 2433 701 2511 quaedam
724 2433 832 2512 imago
858 2437 909 2494 est
932 2433 1088 2494 sublimis
1113 2433 1235 2509 oratic,
1272 2433 1367 2494 cuius
1401 2449 1506 2494 exem·

293 2550 359 2630 plis
384 2549 465 2611 Ilias
490 2549 646 2624 abundat,
672 2548 850 2629 praecipue
875 2550 909 2610 in
934 2548 1001 2610 illis
1026 2566 1111 2628 quae
1136 2549 1178 2610 ad
1212 2549 1350 2610 deorum
1375 2565 1506 2628 pugnas

294 2669 516 2745 naturamque
548 2658 599 2750 (de
629 2682 696 2744 qua
723 2663 821 2745 digne
851 2665 952 2727 etiam
984 2666 1096 2745 legum
1125 2665 1326 2752 Iudaeorum
1362 2665 1506 2745 scriptor

295 2784 426 2845 locutus
451 2775 514 2868 est)
544 2782 768 2862 herorumque
793 2799 846 2844 res
864 2784 976 2862 gestas
992 2781 1176 2861 pertinent,
1191 2782 1226 2843 in
1243 2781 1399 2860 Odyssea
1415 2799 1504 2857 vero,

295 2917 397 2979 quam
420 2898 532 2960 senior
556 2898 724 2960 Homerus
749 2899 943 2978 composuit,
970 2899 1135 2961 concitata
1157 2898 1217 2959 illa
1241 2898 1350 2960 oratio
1373 2898 1506 2978 langue-

295 3018 367 3093 scit,
393 3020 493 3096 atque
518 3017 560 3078 ad
583 3034 714 3078 morum
737 3017 903 3096 picturam
927 3016 1072 3078 declinat
1087 3010 1133 3102 (c.
1169 3010 1239 3100 IX).
1273 3016 1337 3088 Qui
1369 3017 1508 3078 student

294 3132 491 3195 indicendo
516 3132 678 3195 sublimes
702 3130 785 3208 fieri,
813 3149 854 3194 ex
876 3132 992 3194 multis
1020 3149 1105 3210 quae
1132 3132 1196 3193 dici
1221 3133 1354 3212 possint
1373 3131 1507 3194 validis-

296 3248 382 3310 sima
405 3247 575 3326 sapienter
598 3247 742 3327 deligere
758 3247 880 3309 dehent
903 3250 1047 3327 aptaque
1065 3263 1229 3326 exponere
1247 3247 1505 3326 compositione,

299 3383 365 3445 qua
389 3366 514 3428 virtute
538 3363 671 3444 Sappho
687 3364 825 3444 poetria,
852 3364 1030 3440 Hlomerus,
1060 3363 1292 3440 Archilochus
1311 3364 1506 3426 Demosthe·

346 3672 368 3743 1)
388 3674 440 3727 Hic
460 3671 506 3728 est
525 3671 657 3728 maxima
676 3669 742 3743 (sex
760 3669 823 3741 fol.)
843 3670 908 3726 cod.
929 3671 1023 3736 paris.
1044 3670 1162 3726 lacuna.

345 3771 367 3841 2)
386 3773 425 3826 De
446 3772 501 3827 hoc
520 3769 716 3827 sublimitatis
736 3770 817 3826 fonte
835 3770 866 3824 in
887 3785 912 3827 c.
931 3771 1028 3825 ll-XV
1047 3768 1158 3836 agitur.

345 3868 368 3940 3)
386 3871 444 3925 Hos
463 3870 494 3924 in
514 3867 601 3939 parte
620 3867 760 3932 secunda,
781 3882 856 3937 quae
875 3866 1074 3934 desideratur,
1094 3867 1302 3922 commentarii
1325 3865 1456 3923 tractare
1478 3867 1509 3922 in

291 3968 391 4024 animo
411 3967 552 4023 habuisse
571 3965 677 4023 auctor
696 3966 826 4022 videtur.
937 3973 940 3980 '

344 4066 368 4126 ⁴)
387 4067 416 4122 G.
436 4067 622 4122 XVI-XXIX.

347 4165 371 4236 5)
390 4168 420 4222 G.
438 4166 692 4221 XXX—XXXVIII.

344 4263 367 4328 6)
386 4267 414 4322 0.
436 4265 670 4320 XXXIX—XLIV.

344 4363 366 4438 7)
384 4364 486 4420 Tertia
505 4363 632 4419 duorum
646 4352 703 4434 rol.
721 4363 842 4419 lacuna.
