3428 5070
310 353 345 413 38

317 470 420 550 giant,
438 487 505 533 non
521 465 716 549 diiudicent
731 465 785 534 sin
801 470 980 547 veteribus
994 473 1131 534 minime
1148 471 1330 535 verisimile
1347 475 1517 534 auctorem

317 589 548 652 commentarii
573 589 630 668 qui
655 589 740 652 tanti
764 594 899 651 estnec
932 607 998 652 non
1022 591 1157 652 illorum
1189 607 1337 670 operum,
1363 607 1448 670 quae
1480 589 1514 649 in

314 705 389 785 ipso
413 709 649 781 memorantur,
668 709 738 768 tam
752 705 849 785 parvi
866 705 992 767 lactum
1008 723 1092 783 esse,
1110 709 1148 772 ut
1171 723 1213 767 ne
1237 721 1357 767 nomen
1382 705 1517 784 quidem

314 822 396 899 eius,
429 821 620 886 rhetoribus
652 822 773 884 saltem
804 822 1001 902 aequalibus
1032 823 1085 885 vel
1117 825 1226 886 aetate
1261 821 1515 902 posterioribus,

312 944 429 1004 notum
451 944 550 1004 esset.
931 925 933 932 ’

379 1058 543 1136 Ceterum,
573 1059 614 1121 ad
645 1057 727 1121 haec
759 1057 937 1138 confugere
969 1058 1079 1120 solum
1104 1059 1220 1122 liceret
1248 1058 1288 1135 si,
1314 1075 1389 1120 cum
1420 1074 1517 1119 nemo

312 1175 412 1256 primi
436 1176 490 1238 vel
523 1175 661 1238 secundi
690 1174 815 1237 saeculi
847 1175 1050 1255 scriptorum
1078 1175 1220 1251 defendi,
1248 1193 1289 1237 ne
1319 1176 1419 1237 tertio
1447 1175 1518 1252 qui-

311 1295 386 1356 dem
409 1293 543 1357 saeculo
568 1275 732 1373 scriptum
748 1293 854 1354 fuisse
877 1292 1029 1355 libellum
1045 1297 1199 1355 nostrum
1225 1293 1446 1356 demonstrari
1463 1309 1517 1372 po·

310 1409 433 1472 tuisset
440 1433 449 1487 3
472 1426 574 1488 quam
596 1408 787 1489 opinionem
808 1407 946 1470 minime
965 1408 1172 1488 probandam
1195 1409 1262 1471 iam
1285 1409 1513 1485 ostendimus,

309 1543 412 1605 quare
444 1542 580 1587 neeesse
605 1529 656 1586 est
687 1522 910 1587 confiteantur
941 1524 1135 1602 adversarii,
1160 1524 1213 1585 vel
1245 1524 1275 1585 si
1308 1523 1392 1585 nihil
1422 1523 1516 1585 aliud

309 1642 496 1719 adiiciatur,
528 1641 726 1722 Longinum,
759 1657 859 1720 quem
882 1641 1060 1703 concordes
1087 1644 1218 1703 veteres
1243 1657 1399 1702 censores
1435 1639 1514 1701 libri

311 1754 349 1819 ll.
374 1749 400 1817 t.
426 1760 596 1819 auctorem
618 1760 831 1836 putaverunt,
857 1755 977 1819 ceteris
1000 1756 1257 1836 praeferendum
1281 1774 1364 1818 esse.

374 1873 438 1936 Sed
454 1877 493 1935 ut
506 1891 568 1952 pro
584 1873 735 1954 Longino
752 1872 909 1951 nitamur,
923 1873 1178 1936 nonnullaante
1196 1873 1310 1935 omnia
1333 1873 1516 1935 refutanda

308 1995 388 2052 sunt
410 1995 527 2053 contra
550 2007 626 2052 eum
648 1989 796 2068 prolata,
822 1989 911 2068 quod
934 1988 1067 2050 difficile
1091 2005 1165 2050 esse
1188 1963 1424 2051 nonvidetur.

374 2106 488 2175 211-
512 2106 691 2168 Enimvero
708 2109 943 2186 argumentum
966 2106 1055 2185 quod
1071 2123 1112 2168 ex
1134 2105 1301 2185 particula
1326 2100 1353 2182 1,
1369 2106 1513 2187 Longini

308 2230 341 2287 et
362 2223 517 2304 Dionysii
534 2223 726 2286 nominibus
750 2222 959 2303 interposita,
978 2223 1170 2300 ducebatur,
1197 2223 1277 2299 illis,
1299 2240 1385 2303 quae
1409 2241 1514 2304 supra

306 2340 461 2415 diximus
488 2339 578 2401 omni
600 2339 764 2420 gravitate
789 2337 989 2400 destitutum
1013 2341 1081 2416 est;
1107 2356 1185 2400 nam
1215 2339 1243 2400 si
1270 2339 1338 2400 cod.
1363 2339 1512 2401 Parisini

307 2456 515 2535 aliorumque
543 2455 797 2535 inscriptionem
818 2453 1016 2517 auctoritate
1040 2454 1178 2516 minime
1205 2455 1317 2517 valere
1340 2459 1510 2535 putamus,

305 2573 457 2652 quaestio
481 2574 597 2636 eadem
620 2577 748 2635 manet:
775 2572 804 2633 si
829 2571 905 2652 quis
931 2576 1043 2634 autem
1067 2572 1166 2634 aliter
1193 2572 1327 2648 sentiat,
1361 2572 1512 2652 Longino

306 2689 358 2750 vel
382 2689 510 2750 invitus
535 2688 663 2751 faveat:
680 2706 785 2769 quum
800 2689 890 2750 enim
905 2687 991 2750 liber
1016 2683 1054 2750 ll.
1070 2683 1098 2766 d,
1115 2687 1271 2767 Dionysii
1300 2687 1512 2750 Halicarnas-

269 2878 272 2884 Ι
305 2803 415 2870 sensis
439 2821 523 2884 opus
548 2821 621 2866 esse
646 2805 799 2882 nequeat,
825 2819 996 2881 quumque
1033 2802 1158 2879 nullus,
1185 2806 1321 2882 praeter
1343 2805 1509 2879 nostrum,

305 2919 351 2981 sit
366 2919 540 3000 Longinus
557 2921 671 2982 rhetor
690 2913 720 3004 ¹),
739 2919 791 2980 cui
809 2918 865 2981 ille
882 2918 1027 2981 adscribi
1050 2919 1168 2998 possit,
1186 2935 1324 2982 necesse
1342 2923 1393 2982 est
1409 2935 1511 2982 causa

304 3036 400 3097 nobis
421 3036 582 3098 tradatur.

370 3148 425 3219 21.
443 3187 482 3196 -
504 3151 573 3214 Nec
589 3152 697 3231 magis
713 3152 774 3214 hoo
791 3151 942 3232 Longino
959 3151 1130 3215 adversari
1150 3151 1293 3229 videtur,
1314 3149 1452 3214 Suidam
1472 3147 1507 3237 ²),

303 3269 391 3332 inter
415 3270 486 3332 eius
504 3286 589 3348 quae
606 3269 775 3333 recensuit
797 3287 905 3348 opera,
924 3270 1054 3332 nullam
1072 3270 1176 3332 libelli
1197 3266 1235 3333 ll.
1261 3261 1289 3332 t.
1307 3270 1511 3333 mentionem

303 3389 432 3464 fecisse,
459 3403 559 3466 quem
589 3391 701 3448 tamen
728 3403 818 3466 «pro
842 3387 1030 3466 argumenti
1054 3405 1091 3450 ac
1124 3387 1194 3449 stili
1226 3387 1399 3467 dignitate,
1426 3405 1507 3467 prae

303 3502 422 3566 ceteris
453 3501 589 3563 laudare
614 3501 787 3563 debuisset
817 3497 840 3586 ³)
850 3525 858 3578 3
879 3522 895 3560 »
929 3519 1004 3563 cum
1035 3518 1133 3564 nemo
1169 3501 1214 3563 sit
1246 3502 1328 3580 quin
1357 3501 1443 3564 sciat
1473 3502 1509 3562 in

301 3620 406 3682 lexico
430 3618 488 3680 illo
511 3618 618 3679 multa
641 3622 753 3681 errata
782 3618 904 3695 inesse,
938 3620 1110 3698 multaque
1136 3618 1332 3695 desiderari,
1366 3634 1511 3697 cumque

294 3839 454 3853 ψ

349 3993 369 4065 ¹)
386 3991 526 4049 Nonnulli
547 3990 626 4061 apud
646 3991 764 4046 veteres
784 3991 909 4060 Longini
930 3991 1148 4058 memorantur,
1163 3990 1213 4059 qui
1235 3989 1361 4047 minime
1380 3990 1418 4046 ad
1439 4003 1509 4061 nos3

295 4093 437 4161 ceterum,
456 4088 684 4159 inscrlptionem
705 4089 788 4144 illam
820 4091 955 4157 spectare
976 4088 1112 4142 Cassium
1133 4087 1300 4156 Longinum
1330 4089 1385 4157 ipsi
1407 4086 1513 4142 adver·

296 4191 369 4248 sarii
388 4188 550 4245 concordes
570 4188 686 4256 mutant.

347 4287 368 4359 ²)
387 4291 419 4343 V.
442 4284 578 4358 Λογγῖνος
597 4284 727 4352 Κάσσιος.

346 4386 370 4460 ³)
390 4387 534 4450 Amulius,
555 4386 573 4443 1.
593 4401 616 4440 c.
