3428 5070
327 312 364 372 et

331 423 1536 512 5515555555555155555555555551

330 548 426 610 55155
450 549 576 628 ingenii
601 548 721 610 elative
754 549 856 610 animi
889 548 948 612 lux
978 549 1130 628 fulgeret,
1163 567 1239 612 eum
1269 550 1357 612 Dion
1389 549 1536 627 Cassius,

329 663 532 740 Athenaeus
559 663 797 743 Philostratus
823 665 879 743 qui
905 665 1028 726 summi
1052 665 1140 727 inter
1168 666 1324 745 aequales
1356 667 1536 746 scriptores

330 780 504 856 habentur,
531 781 604 842 5515
627 780 723 842 libris
748 781 917 861 elegantes
942 767 1128 845 imitatores
1152 782 1205 844 vel
1229 787 1344 845 acutos
1376 782 1536 845 eruditos·

329 915 393 976 que
420 898 572 960 homines
590 900 819 960 tantummodo
837 916 872 960 se
888 903 1070 979 praestent.
1084 899 1281 980 Philosophi
1298 904 1418 976 autem,
1437 899 1537 962 Grae-

329 1030 443 1074 corum
469 1031 544 1075 cum
568 1013 742 1076 dialectica
765 1012 909 1076 intuitus
934 1014 969 1075 in
993 1014 1092 1076 deum
1116 1014 1302 1076 doctrinam
1329 1015 1534 1094 copulantes.

328 1131 370 1191 ad
393 1129 638 1192 beatitudinem
661 1129 857 1191 nitebantur
880 1130 998 1192 insano
1022 1129 1190 1210 allegorici
1215 1148 1336 1192 555555
1353 1130 1534 1209 quaerendi

329 1245 440 1307 studio
464 1250 497 1308 et
520 1245 734 1326 perobscuris
746 1246 1032 1326 disputationibus
1049 1246 1088 1308 de
1105 1247 1280 1309 divinitate
1293 1247 1433 1327 eiusque
1449 1264 1534 1308 ema-

327 1363 519 1424 nationibus
535 1357 925 1448 115151111855555555
940 1362 1110 1442 sophistae
1128 1362 1177 1423 illi
1195 1362 1449 1425 celebrabantur
1465 1362 1532 1440 qui,

326 1479 1531 1559 mmmempmmfflmmmmnmmmmmnmmmmmmmmm

326 1596 516 1657 orationum
540 1594 705 1675 elegantia
728 1594 844 1657 laudes
869 1599 1001 1656 tantum
1024 1595 1530 1674 55515515551515555151555

324 1707 1532 1791 5555Η5555555555555555555551

324 1827 482 1904 religiosa
505 1827 659 1904 fluerent
691 1827 809 1890 literae
832 1845 898 1889 non
924 1829 966 1889 ad
989 1829 1118 1890 animos
1151 1828 1357 1890 extollendos
1389 1827 1532 1888 excitan-

322 1943 457 2021 dosque,
483 1943 542 2006 sed
566 1944 607 2005 ad
631 1943 720 2006 vitae
744 1943 930 2006 desidiosae
963 1943 1156 2022 sterilisque
1187 1943 1335 2006 taedium
1367 1940 1531 2021 depellen-

322 2061 622 2124 dmfflmmr

387 2175 1530 2257 fflmmmwmmmmmmmmmmmmd

318 2293 431 2357 detur:
458 2311 536 2355 nam
559 2293 669 2356 literis
696 2292 943 2356 declinantibus
967 2293 1020 2355 vel
1051 2293 1155 2356 ferme
1179 2292 1221 2354 ad
1252 2293 1427 2355 interitum
1457 2308 1529 2370 pro-

316 2411 514 2491 perantibus
544 2410 712 2472 5551555
736 2409 898 2472 exsistere
931 2427 1030 2488 posse
1059 2413 1271 2489 posterorum
1296 2409 1451 2471 laudibus
1483 2405 1528 2468 di-

311 2544 419 2604 gnum
442 2525 691 2602 adfirmandum
716 2542 782 2586 non
807 2529 875 2601 est3
901 2529 939 2586 ut
963 2525 992 2585 si
1016 2524 1093 2603 quis
1118 2523 1180 2586 hoc
1210 2523 1441 2586 tantummodo
1466 2520 1528 2583 Ga-

316 2642 453 2706 lilaeum
476 2647 630 2706 nostrum
656 2643 871 2705 celeberrima
894 2642 953 2704 illa
976 2660 1042 2704 non
1067 2659 1222 2704 exarasse
1248 2643 1287 2702 de
1304 2641 1459 2702 maximis
1476 2657 1527 2719 sy-

315 2753 1527 2838 smmmmpmmm,mmlmmMemmsmmmtmrmhmonms

315 2878 376 2936 set.
402 2875 554 2954 Insuper,
569 2891 674 2954 quum
692 2872 919 2936 Galilaeianae
937 2873 1183 2953 disputationes
1199 2872 1348 2953 perfecta
1364 2869 1525 2932 orationis

315 2990 466 3071 exempla
489 2990 561 3052 iure
585 2990 780 3065 habeantur,
806 2989 941 3051 libellus
972 2987 1010 3054 ll.
1034 2983 1072 3066 ὕ.,
1104 2992 1283 3052 verborum
1315 2989 1444 3069 passim
1475 2991 1525 3048 tu·

313 3124 414 3184 more,
439 3107 677 3186 nonnullisque
701 3107 808 3187 magis
833 3111 928 3169 acute
953 3125 1054 3186 quam
1077 3112 1165 3170 recte
1193 3108 1290 3169 dictis
1317 3101 1349 3192 ²),
1377 3104 1523 3167 indolem

312 3225 505 3287 Aurelianei
530 3225 655 3287 saeculi
685 3224 845 3304 illiusque
878 3228 1036 3286 ventosae
1065 3229 1098 3286 et
1129 3223 1278 3303 loquacis
1311 3222 1521 3301 eloquentiae

312 3339 1519 3422 mmmfflmhmfflfflmmfflmfflmmm

311 3460 400 3539 quod
423 3459 552 3535 attinet,
577 3458 768 3520 mirandum
795 3458 930 3538 quidem
954 3461 1007 3521 est
1030 3459 1110 3521 haec
1135 3458 1279 3538 cogitata
1297 3460 1330 3520 et
1346 3456 1434 3518 dicta
1449 3454 1519 3516 illis

361 3759 382 3832 ¹)
409 3763 448 3816 De
474 3760 591 3816 Plotino
622 3757 789 3831 ceterisque
818 3757 901 3814 illius
928 3757 1037 3813 aetatis
1066 3754 1252 3826 philosophis
1283 3770 1360 3824 quae
1391 3749 1521 3810 senserit

304 3860 393 3928 Long.
413 3858 482 3914 vide
501 3858 531 3912 15
553 3855 710 3925 Porphyrii
738 3858 766 3909 V.
787 3857 864 3911 Ptol.
884 3858 1017 3910 Prooem.
1039 3853 1107 3908 libri
1128 3847 1164 3906 11.
1183 3850 1285 3916 τέλους.

356 3955 377 4029 ²)
397 3955 456 4012 Cir.
477 3971 525 4012 ex.
546 3971 591 4025 gr.
613 3949 799 4010 55551
825 3953 860 4008 de
887 3967 1032 4022 equorum
1058 3951 1147 4020 saltu,
1166 3966 1189 4006 e.
1207 3953 1234 4006 X
1253 3951 1289 4006 de
1314 3949 1464 4020 particula
1488 3950 1519 4003 in

306 4055 507 4125 descriptione
526 4055 679 4111 homerica
698 4053 817 4122 aliaque
846 4052 1000 4108 nonnulla.
1019 4051 1117 4106 Etiam
1136 4050 1329 4106 doctissimus
1350 4049 1401 4104 ille
1420 4049 1470 4101 vir
1489 4050 1520 4101 F.

304 4163 336 4214 Α.
356 4159 504 4214 Wonrlus
524 4155 578 4224 (Dc
596 4157 669 4210 Dae.
694 4152 867 4210 leodoberto·
892 4153 999 4208 celebri
1020 4153 1151 4220 paredam
1177 4155 1294 4218 reperto
1320 4146 1518 4212 5155155515

301 4257 427 4312 Literar.
446 4254 589 4321 Analeh.;
608 4252 748 4322 Berolini,
768 4251 850 4324 1820)
870 4253 900 4306 in
921 4247 957 4307 Π.
975 4246 1003 4306 d.
1021 4263 1126 4305 comm.
1147 4249 1243 4318 magis
1263 4250 1297 4304 lll
1318 4261 1405 4317 quam
1426 4249 1436 4300 l
1456 4260 1522 4300 555·

300 4355 359 4411 5511
381 4353 448 4426 post
468 4353 536 4410 chr.
560 4367 588 4410 n.
609 4351 738 4408 indolem
762 4364 937 4422 expressam
957 4348 1044 4420 putat
