3428 5070
287 353 323 410 42

294 485 354 532 cur
376 468 465 532 idem
480 469 521 533 de
537 468 658 532 iisdem
682 468 843 546 diversas,
866 502 878 510 -
904 467 1045 531 sednon
1070 485 1203 551 semper
1221 462 1253 554 ¹),
1271 468 1497 532 -sententias

293 585 484 668 protulerit.

361 701 416 769 25.
443 738 483 748 -
500 703 572 766 Hoc
596 704 797 785 praesertim
813 707 1009 784 argumento
1033 703 1186 766 nonnulli
1203 706 1359 765 nostram
1375 702 1498 783 opinio-

292 834 369 882 nem
392 820 600 900 propulsant,
626 820 723 899 quod‚
748 837 824 881 cum
846 819 882 880 in
905 820 1019 882 libello
1043 816 1083 883 ll.
1108 816 1133 881 ὕ.
1160 820 1340 880 verborum
1366 821 1399 879 et
1426 835 1496 880 sen-

293 932 476 995 tentiarum
499 934 654 996 dicantur
677 950 750 996 esse
775 931 913 1014 figurae,
931 937 1032 1013 atque
1055 935 1090 995 in
1105 933 1174 995 illis
1200 927 1411 1012 hyperbaton
1428 931 1496 994 lau·

294 1051 405 1129 dctur3
430 1087 451 1096 -
467 1052 502 1113 in
521 1072 537 1112 «
551 1052 632 1114 Arte
648 1051 845 1113 rhetorica»
872 1051 1043 1113 schemata
1059 1051 1306 1113 sententiarum
1322 1049 1498 1129 Longinus

294 1182 368 1228 esse
392 1170 491 1247 neget
514 1162 546 1253 ²).

363 1281 460 1356 Quod
475 1285 517 1346 ad
532 1281 660 1364 figuras
677 1283 807 1360 attinet,
827 1283 974 1346 breviter
990 1284 1191 1363 respondam
1216 1285 1319 1346 verba
1340 1300 1501 1346 commen·

294 1396 372 1460 larii
395 1398 503 1460 nostri
526 1432 548 1444 -
573 1393 669 1459 droco?
700 1391 734 1459 δέ
757 1419 816 1458 που
848 1391 1164 1480 cummunicare),
1197 1396 1238 1460 τά
1264 1397 1318 1481 μὲν
1355 1395 1499 1467 νοήσεως,

293 1515 419 1604 θάτερα
445 1510 478 1578 δὲ
509 1511 622 1589 λέξεως
647 1513 670 1604 ³)
695 1552 717 1563 -
748 1519 898 1580 omnium
922 1518 991 1579 fere
1023 1517 1295 1580 doctissimorum
1325 1533 1501 1580 censorum

295 1651 461 1697 consensu
492 1638 531 1697 ut
561 1634 763 1714 interpolata
794 1651 868 1696 esse
901 1634 1106 1714 respuenda:
1144 1634 1313 1696 enimvero
1342 1633 1436 1695 nulla
1465 1634 1500 1695 in

294 1750 453 1812 universo
477 1750 562 1812 libro
587 1749 688 1811 huius
720 1750 864 1829 duplicis
896 1749 1084 1830 figurarum
1116 1750 1249 1829 generis
1274 1753 1326 1812 est
1356 1750 1498 1826 mentio,

294 1869 464 1928 auctorem
487 1865 590 1926 immo
617 1860 769 1946 σχήμιτα
796 1864 931 1936 colicon
956 1866 1145 1928 sententias
1170 1865 1284 1945 potius
1308 1866 1501 1928 existimare

299 1999 341 2043 ex
357 1981 419 2042 hoc
436 1980 614 2043 manifeste
638 1986 787 2061 apparet,
804 1981 895 2060 quod
919 1981 959 2043 de
975 1983 1018 2043 iis
1044 1981 1079 2043 in
1095 1985 1190 2062 parte
1215 1998 1300 2060 quae
1317 1981 1501 2044 sententias

297 2102 426 2179 spectat
448 2093 472 2184 ⁴)
497 2116 534 2161 es
574 2115 683 2161 sermo
692 2124 701 2177 3
729 2135 750 2144 -
777 2101 816 2162 de
841 2100 1025 2179 hyperbato
1058 2104 1172 2163 autem
1196 2099 1385 2180 Longinum
1413 2100 1501 2162 idem

296 2216 426 2293 iecisse,
459 2216 548 2295 quod
572 2217 720 2296 optimus
753 2217 898 2297 quisque
922 2217 1083 2297 magister
1111 2216 1164 2277 vel
1188 2215 1286 2278 hodie
1311 2215 1428 2292 faciat;
1459 2217 1500 2278 ab

290 2331 452 2404 ,omnibus
481 2331 570 2394 enim
597 2332 835 2404 locutionibus,
861 2350 946 2412 quae
975 2333 1213 2414 grammaticae
1242 2332 1332 2412 leges
1365 2331 1500 2409 violent,

297 2445 537 2508 velorationis
569 2447 719 2509 ordinem
750 2450 960 2527 perturbent,
993 2447 1160 2528 discipuli,
1186 2447 1244 2527 qui
1276 2450 1347 2509 arte
1375 2450 1408 2508 et
1436 2464 1499 2508 usu

298 2562 381 2643 quin
405 2564 540 2625 modum
565 2565 725 2628 excedant
740 2581 807 2627 non
831 2564 1070 2644 impediuntur,
1088 2563 1296 2626 distrahendi
1321 2567 1419 2642 sunt,
1442 2563 1501 2626 sed

300 2696 415 2742 omnes
439 2680 671 2744 huiuscemodi
695 2682 858 2745 nonnulla
880 2699 1018 2762 magnas
1043 2686 1081 2744 ut
1104 2681 1249 2745 virtutes
1274 2682 1498 2760 admiramur,

298 2797 485 2876 -itemque
511 2798 547 2860 in
575 2798 658 2860 Arte
682 2798 850 2861 rhetorica
876 2799 1048 2879 Longinus
1076 2799 1300 2878 hyperbatum
1323 2798 1498 2890 vitandum

298 2932 382 2993 esse,
407 2919 446 2978 ut
469 2920 673 2997 praeceptor,
699 2917 810 2994 docet;
832 2916 917 2978 illud
947 2921 1060 2978 autem
1090 2917 1125 2978 in
1155 2916 1242 2978 libro
1273 2917 1323 2978 De
1347 2915 1495 2978 sublimi·

298 3034 376 3109 tate,
402 3035 442 3094 ut
472 3031 620 3110 criticus,
644 3033 769 3109 laudat,
798 3033 962 3111 laudeque
987 3032 1104 3113 dignos
1136 3031 1356 3094 Thucididem
1380 3036 1413 3094 et
1436 3032 1496 3094 De·

301 3149 512 3212 mosthenem
535 3152 642 3232 putat,
660 3150 750 3230 quod
774 3166 811 3212 eo
835 3167 935 3230 saepe
951 3153 984 3212 et
1007 3150 1178 3229 sapienter
1193 3150 1247 3212 usi
1271 3151 1341 3213 sint
1369 3144 1390 3236 ).

347 3395 368 3468 ¹)
389 3396 461 3451 Vide
482 3412 529 3456 ex.
545 3411 588 3465 gr.
609 3412 635 3460 c,
655 3398 734 3452 XXll
753 3397 789 3452 de
810 3397 887 3451 felici
908 3396 1090 3465 Thucydidis
1109 3396 1160 3452 sed
1180 3395 1350 3464 periculosa
1371 3395 1504 3461 audemia,

293 3495 323 3550 et
341 3510 366 3550 c.
388 3491 438 3563 IV,
456 3497 558 3562 XXIX,
578 3496 694 3561 XXXll,
715 3496 835 3550 XXXVI
854 3495 891 3549 de
911 3495 1044 3550 Platonis
1063 3494 1146 3550 vitiis
1167 3495 1328 3550 nonnullis.

343 3590 366 3660 2)
384 3592 419 3650 T.
438 3591 510 3670 ρἠτ.,
529 3588 601 3671 Περί
620 3591 731 3664 λέξεως,
751 3593 786 3648 30
799 3612 805 3649 :
819 3591 1064 3670 Ὅσα...σχη’ματα
1083 3591 1136 3651 τῶν
1148 3589 1253 3663 ε’ωωιῴν
1269 3588 1456 3665 ω’νόμασται...
1476 3587 1505 3650 οὔ

291 3711 337 3761 μοι
358 3687 428 3748 δοκεῖ
448 3691 560 3758 δικαίως
578 3686 716 3768 σχήματα
734 3688 890 3758 καλεῖσθαι,
911 3686 965 3747 ahl
983 3687 1095 3761 ἔννοιαι,
1114 3688 1164 3748 καί
1182 3689 1375 3762 ἐνθυμήματα,
1395 3688 1445 3747 καί
1462 3693 1506 3747 ho·

292 3787 383 3864 γισμοί
402 3787 451 3848 τοῦ
470 3787 582 3847 πιθανοῦ
603 3787 690 3868 χάριν
709 3791 799 3860 (Max.
818 3792 900 3849 Plan.
922 3788 1036 3868 χωρίου)
1054 3785 1102 3845 καὶ
1121 3789 1236 3847 πίστεων
1256 3787 1324 3857 εἴδη.

346 3887 611 3961 hstmcwh

344 3987 368 4060 ⁴)
388 3989 467 4044 ldest
484 3989 515 4042 in
529 4002 553 4043 c.
566 3989 682 4056 Xl-Xll‚
695 3989 742 4043 ubi
756 3985 820 4065 περι·
832 3984 979 4062 αὐξήσεως,
991 3990 1027 4044 de
1046 3989 1294 4058 amplificatione3
1307 3990 1337 4044 et
1359 3990 1389 4044 in
1404 4005 1432 4046 o.
1446 3990 1506 4057 XV,

293 4085 341 4141 ubi
360 4081 425 4161 περί
444 4083 611 4160 φαντασίας,
629 4085 665 4140 de
684 4086 861 4154 visionibus,
880 4087 1022 4154 loquitur.

348 4181 370 4252 5)
390 4184 420 4238 ln
435 4197 459 4238 o.
473 4184 567 4254 XXll;
584 4196 741 4252 perperam
755 4198 827 4238 vero
847 4180 974 4250 athelta:
991 4184 1067 4240 illud
1087 4188 1162 4240 dure
1177 4184 1277 4241 italice
1290 4186 1505 4258 interpretatus

297 4279 343 4336 est
358 4276 539 4334 Perticarius
559 4278 601 4349 (in
626 4280 749 4333 Collcna
768 4281 845 4348 degli
868 4281 985 4335 antichi
999 4283 1070 4334 sior.
1085 4296 1132 4348 pr.
1145 4282 1324 4350 uolgarem
1337 4282 1505 4348 Mediolani,

296 4377 388 4446 1827),
409 4379 443 4432 ut
462 4377 574 4434 similia
587 4377 721 4434 auctoris
742 4377 838 4434 nostri
859 4377 890 4432 et
902 4377 1033 4451 Dionysii
1056 4378 1149 4439 llalic.
1164 4378 1200 4435 de
1213 4379 1384 4453 Thucydide
1399 4380 1507 4438 iudicia
