3428 5070
1366 383 1417 439 -39

115 580 121 597 Ι
207 500 382 580 praeterea
413 495 699 584 Longininnorum
731 516 870 582 operum
902 499 1052 564 recensio
1076 499 1189 563 verbis
1214 496 1413 562 conficiatur

205 609 264 672 καέ
287 606 370 672 ἄλλοι
394 610 508 677 πολλοὶ.

273 727 327 795 22.
354 764 395 776 -
425 730 562 794 Addunt
592 733 756 797 Joannem
779 733 969 798 Siceliotam
1003 729 1034 820 ¹),
1062 726 1284 816 Hermogenis
1314 734 1413 796 inter-

205 848 344 925 pretem,
370 847 561 929 Longinum
590 854 629 913 ut
652 856 789 915 acutum
820 852 974 915 criticum
1001 852 1235 931 rhetoremque
1265 851 1429 926 laudare·

207 963 266 1024 sed
290 965 321 1025 ei
346 964 476 1028 dicendi
503 967 697 1031 facultatem
722 987 789 1033 non
813 971 1006 1049 concedere3
1038 971 1178 1033 aouius
1200 969 1323 1032 indioio
1348 987 1414 1031 non

205 1079 350 1142 multum
381 1082 609 1162 Porphyrium
638 1079 671 1170 ²),
705 1086 763 1165 qui
796 1102 872 1147 eum
905 1080 1140 1171 κριτικιέιατον
1172 1089 1277 1167 putet,
1307 1085 1414 1147 Eunu·

205 1197 300 1275 pium
315 1192 349 1283 ⁸),
377 1199 537 1262 Photium
554 1195 587 1287 ⁴),
614 1201 753 1266 Suidum
769 1198 805 1289 ⁶),
826 1203 976 1284 aliosque
1002 1205 1129 1290 abesse,
1154 1203 1227 1266 eius
1242 1206 1417 1283 praeterea
1454 1223 1456 1226 ·

206 1329 326 1376 nomen
350 1332 411 1394 pro
438 1317 553 1378 oritioo
571 1291 782 1398 usurpatum
800 1319 906 1382 fuisse
923 1320 979 1396 ita,
1007 1323 1045 1381 ut
1069 1317 1151 1380 κατὰ
1169 1285 1331 1401 Λογγῖνον
1355 1313 1416 1403 κρί-

209 1451 271 1489 νειν
296 1432 385 1494 idem
414 1451 451 1495 ao
478 1439 597 1496 «reete
621 1434 800 1497 iudicare»
827 1434 1035 1515 significaret
1057 1430 1090 1521 6).
1350 1509 1352 1513 ⁴

275 1545 366 1609 Haeo
391 1549 502 1610 omnia
526 1566 615 1626 vere,
642 1550 701 1612 sed
723 1568 901 1630 perperam
934 1551 986 1612 vel
1013 1553 1126 1631 potius
1158 1551 1297 1614 subdole
1319 1551 1418 1612 inter-

209 1664 357 1740 pretata:
377 1680 474 1726 nemo
496 1665 594 1740 enim,
612 1665 670 1744 qui
696 1666 925 1728 recensionem
950 1666 1095 1728 illumin
1112 1665 1416 1746 Suidaperourrat,

210 1777 364 1839 criticum
396 1779 549 1842 habitum
581 1798 654 1842 esse
679 1780 869 1862 Longinum
901 1783 1089 1860 mirabitur,
1115 1782 1315 1862 praesertim
1342 1798 1417 1843 oum

207 1895 293 1958 sciat
315 1914 392 1958 eum
424 1899 512 1960 inter
542 1900 650 1963 multa
682 1901 874 1962 huiusmodi
903 1917 1013 1980 opera,
1046 1901 1150 1963 libros
1183 1901 1240 1980 qui
1267 1893 1307 1960 Oi
1334 1895 1416 1983 ριλὲ-

210 2008 296 2093 ιογιι
322 2014 375 2076 vel
399 2016 512 2097 potius
538 2013 579 2078 Αἱ
608 2013 769 2102 φιλόλογοι
796 2008 924 2100 ὁμιλίαι
950 2013 974 2104 ’)
998 2017 1231 2080 inscribuntur
1253 2017 1397 2080 edidisse
1405 2039 1414 2093 3

217 2207 377 2220 ,νῆα-ιι·-

258 2325 278 2396 ¹)
297 2330 350 2393 Qui
371 2331 450 2384 vixit
471 2345 547 2385 suec.
568 2333 637 2397 xlii,
657 2331 705 2384 vel
726 2330 854 2386 sortasse
875 2333 936 2385 XIV
958 2331 1023 2400 post
1041 2331 1110 2386 clun
1127 2345 1163 2398 n.;
1188 2331 1260 2386 haee
1280 2330 1369 2384 nabet
1385 2331 1416 2384 in

205 2425 299 2482 schol.
320 2427 356 2480 ad
378 2429 527 2498 Hertnog.‚
541 2434 601 2503 περὶ
615 2425 625 2483 ι’
629 2425 702 2495 δεών,
715 2429 734 2485 α’
743 2445 750 2480 1
764 2425 877 2504 ἄριστος
894 2426 1052 2498 (Λογγῖνος)
1066 2423 1220 2502 έπιρερέοαι
1232 2423 1320 2497 λέγων
1335 2424 1420 2496 ἰδέας,

202 2520 397 2606 δημιουργῆοαι
417 2523 445 2579 δέ
466 2523 604 2589 τοιοέτονς
622 2523 731 2592 ἥκιστα,
755 2522 805 2582 κατ’
825 2521 968 2589 Διονύσιος
983 2525 998 2582 o'
1013 2519 1242 2598 Ἁλικαρνασσεύς
1263 2523 1314 2578 κατ’
1327 2520 1416 2598 Σμυρ-

203 2623 281 2687 ναῖος
300 2619 315 2678 δ
334 2621 501 2698 Ἀριστείδης
520 2621 581 2700 περί
600 2622 678 2680 {tede
697 2646 726 2682 τε
746 2624 795 2682 καιΙ
812 2622 913 2702 τέχνης
931 2621 1098 2698 γράψαντες,
1119 2619 1199 2693 βοέτοι
1225 2620 1315 2699 κέρας
1333 2621 1351 2688 η’
1369 2643 1420 2679 πα·

187 2717 299 2795 ροιμίοι
314 2719 380 2797 φησί
398 2735 404 2746 ·
420 2727 450 2776 et
463 2724 566 2790 paucis
580 2723 746 2776 interiectis
771 2722 865 2777 idem:
887 2720 902 2776 ὁ
920 2720 968 2793 μέν
986 2721 1041 2794 γοίρ
1065 2718 1197 2789 Λογγῖνος
1215 2716 1277 2794 ιτερί
1295 2717 1327 2777 ro*
1346 2718 1420 2776 διδοῖ·

204 2838 287 2882 οκειν,
304 2821 384 2898 μένον
398 2817 632 2898 έναοχολοέμενος
646 2818 695 2878 καί
708 2817 770 2895 παρέ
789 2821 821 2878 ro*
835 2819 968 2878 διδοέοκειν
986 2819 1096 2885 τελείας
1114 2816 1259 2882 οἰιοθέοιις
1278 2814 1326 2875 οέκ
1347 2815 1420 2896 ἔχων

204 2917 310 2994 καιρόν,
330 2919 363 2976 τέ
382 2917 434 2985 τῆς
447 2915 568 2992 Ὁμήρου
586 2917 718 2977 πέπονθεν
738 2915 855 2995 ὄρνιθος,
873 2914 1063 2987 λιμώττουσαν
1082 2912 1147 2982 roric
1159 2911 1283 2981 νεοττούς
1302 2915 1419 2990 τρέφειν.

258 3019 279 3087 ⁹)
298 3022 328 3074 ln
355 3021 422 3074 Vita
443 3021 565 3073 Plotini.
862 3005 864 3010 ’

259 3115 278 3184 3)
298 3117 327 3169 In
349 3117 375 3170 V.
391 3117 570 3185 Porphyrii:
590 3115 784 3192 γραμματικῆς
802 3137 831 3171 τε
854 3114 892 3183 εἰς
911 3112 994 3193 ἄκρον
1014 3113 1121 3180 οἱποὶοης
1141 3113 1252 3191 ὥσπερ
1274 3111 1419 3181 ἐκεῖνος,

205 3209 370 3289 α’ρικέμενος
383 3213 564 3291 (Πορφέριος)
577 3214 626 3271 κατ’
639 3214 819 3292 ῥητορικῆς...
835 3218 974 3284 Insuper:
989 3212 1120 3284 Λογγῖνος
1134 3211 1164 3269 δέ
1176 3215 1252 3270 noro?
1265 3209 1312 3269 τέν
1325 3209 1422 3289 χρένον

204 3310 310 3370 ἐκεῖνον
329 3310 505 3384 βιβλιοθήκῃ
524 3334 565 3380 τις
584 3307 616 3379 ἦν
634 3313 769 3394 ἔμψυχος,
789 3314 839 3370 καί
857 3313 1021 3388 περιτατοιῖν
1040 3311 1173 3383 μουσεῖον,
1194 3310 1244 3368 καὶ
1270 3302 1368 3388 κρίνειν
1391 3334 1421 3384 γε

205 3411 270 3478 τοδς
289 3409 423 3479 παλαιοδς
445 3411 654 3472 ἐπετέτακτο...
680 3414 729 3470 καιι
752 3411 777 3470 οἷ
801 3434 842 3479 τις
869 3410 992 3484 κατέγνω
1010 3411 1086 3476 τινδς
1110 3410 1163 3465 τῶν
1181 3409 1317 3481 παλαιῶν,
1338 3409 1370 3468 ου’
1389 3411 1420 3468 το“

205 3511 343 3584 δοξασθέν
361 3511 470 3591 έκρσίτιι
489 3514 630 3593 πρότερον,
649 3511 748 3579 α)λή“
769 3513 903 3585 Λογγένου
922 3510 1032 3590 ἐκράτει
1053 3511 1153 3587 κρίσις.

259 3612 283 3682 η
304 3615 334 3668 tn
355 3597 494 3670 οιοιιοινι.
515 3616 580 3670 coo.
601 3616 717 3669 coum.

260 3710 283 3773 5)
303 3715 334 3767 V·
354 3711 439 3785 Λογγ.
461 3712 549 3770 naon
568 3715 598 3769 et
617 3709 754 3788 Φρόντων.

259 3808 283 3876 6)
304 3813 346 3865 Ex
366 3826 410 3878 gr.
431 3812 460 3865 in
482 3811 694 3880 Theophylnoti
717 3811 854 3878 Arrhiep.
878 3809 1035 3878 Bulgariae
1055 3807 1210 3878 dvall:
1223 3804 1322 3878 μηκαδ
1341 3804 1423 3877 δόξης

206 3908 276 3969 τιοὶν
296 3906 381 3975 aitte
398 3930 427 3983 γε
447 3908 478 3968 ου’
497 3907 571 3969 κοιτοδ
591 3911 722 3982 Λογγῖνον
742 3906 847 3985 κρίνειν.

261 4008 283 4080 7)
301 4010 434 4065 Titulus:
449 4007 485 4064 Οἱ
498 4007 636 4085 pridie-fot
650 4025 687 4063 ex
701 4013 744 4066 Jo.
759 4008 845 4064 Sioel.
861 4009 891 4062 in
907 4009 1047 4077 Hermog.
1064 4010 1177 4063 comm.
1191 4009 1232 4077 (v.
1245 4023 1312 4078 pag.
1325 4007 1371 4078 46,
1381 4006 1424 4080 6))

205 4124 243 4162 ex
273 4109 413 4164 Aristidis
439 4109 606 4178 interprete
630 4108 660 4162 et
688 4124 725 4162 ex
752 4108 830 4163 auot-
862 4111 946 4164 Vitne
972 4110 1070 4175 Apoll.
1095 4109 1187 4162 Ithod.
1212 4107 1347 4175 ducitur3
1373 4107 1436 4162 sed¹

207 4219 347 4261 censores
370 4206 507 4260 nonnulli
532 4205 677 4276 (Bestius,
703 4205 868 4272 Weiskius‚
894 4204 1202 4277 Egge1¹us)nnouymi
1222 4205 1334 4260 scholio
1354 4204 1423 4258 freti

210 4300 299 4371 (qnod
319 4317 357 4357 ex
377 4302 440 4358 cod.
461 4303 551 4372 poris,
572 4318 601 4357 n.
625 4303 693 4357 1983
714 4305 742 4357 G.
763 4302 901 4358 Waizius
922 4301 952 4356 in
973 4302 1029 4356 Ro,
1045 4316 1091 4369 pr.
1110 4315 1139 4357 v.
1160 4303 1205 4356 VII
1222 4301 1339 4372 edidit),
1354 4301 1426 4356 titu-

209 4399 273 4458 lum
293 4399 468 4470 praeferunt
486 4396 523 4457 Δι’
541 4399 595 4473 φιλ.
616 4396 733 4472 έμιλιάι.
