3428 5070
287 287 323 342 34

291 405 474 483 roboreque
500 403 661 466 orationis
686 403 847 483 superari,
879 402 937 464 sed
969 404 1071 466 etiam
1106 405 1291 468 locutiones
1329 409 1429 485 atque
1461 407 1499 468 de

290 519 520 599 scriptoribus
546 523 585 581 ut
608 518 747 581 Platone
772 522 804 580 et
828 518 1029 598 Thucydide,
1058 519 1161 599 Lysia
1192 525 1224 585 et
1246 521 1401 597 Isocrate,
1419 521 1500 587 iudi-

291 635 342 698 eia
364 635 469 698 multo
493 636 581 697 inter
605 653 641 697 se
658 635 802 698 differre.

357 753 501 832 Reliqua
523 753 576 815 vol
601 753 740 815 minoris
765 754 924 830 faciende,
951 771 1036 834 quae
1057 756 1199 835 protulit
1225 754 1378 818 Ammius
1386 780 1395 833 ;
1412 773 1499 832 num,

291 886 367 931 cum
390 872 505 932 noster
527 886 563 931 se
598 867 626 930 ἐν
652 862 1013 951 δοσὶν....ονντοίγμνοιν
1049 870 1251 933 disseruisse
1290 871 1432 936 affirmet
1462 872 1501 934 de

293 986 353 1045 τῶν
378 981 478 1069 λόγων
503 987 743 1068 compositione
769 982 801 1072 ¹),
827 986 1011 1066 Dionysius
1036 1005 1142 1049 unum
1174 988 1298 1050 librum
1332 983 1404 1074 περὶ
1430 1009 1502 1050 σνν-

287 1100 408 1174 &tueor
447 1100 608 1188 ἐνομοέτων
648 1105 813 1181 exerevit,
847 1119 994 1184 eumque¹
1020 1105 1109 1167 Rufo
1140 1106 1287 1182 mittens,
1328 1103 1399 1194 περὶ
1431 1109 1484 1178 τῆς

290 1215 415 1304 ἐκλογῆς
448 1215 612 1302 ὀνομάτων
644 1222 922 1284 commentarium
953 1239 989 1284 se
1021 1221 1241 1302 scripturum
1271 1224 1438 1303 promIttit
1461 1217 1500 1309 2·)
1691 1261 1692 1276 1

289 1357 349 1401 nec
373 1343 504 1403 constat
527 1341 617 1403 inter
641 1339 715 1402 eius
743 1356 844 1418 opere
868 1331 939 1422 περὶ
972 1335 1175 1424 Ξενοφῶντος
1200 1340 1304 1402 libros
1330 1341 1445 1419 fulssc
1462 1341 1502 1404 de

289 1452 412 1532 quibus
436 1454 472 1514 in
495 1453 608 1516 libello
637 1449 673 1512 ll.
698 1444 724 1514 ὕ.
752 1457 803 1514 est
828 1453 952 1514 mentio
977 1448 1011 1538 3).

355 1567 491 1632 Accedit
515 1570 604 1649 quod
627 1569 812 1650 Dionysius
838 1571 1075 1633 commenturm
1094 1567 1166 1656 περὶ
1196 1571 1289 1635 curt.
1315 1568 1402 1655 ὄνομ.
1426 1572 1503 1634 ulti-

290 1685 353 1746 mis
378 1686 484 1760 annis‚
510 1689 549 1748 ut
571 1685 679 1765 Ipsius
717 1687 795 1747 uter
829 1686 951 1761 verbis
978 1682 1092 1754 πολιᾶς
1127 1683 1343 1772 exequentem
1376 1683 1503 1756 ἡλικίας

290 1820 425 1883 operam
448 1803 539 1865 dedit
547 1827 555 1880 3
582 1806 614 1865 et
638 1804 695 1864 vix
712 1803 870 1865 credibile
894 1804 1030 1866 videtur
1055 1783 1143 1868 eum·
1158 1807 1197 1867 de
1225 1805 1431 1869 sublimitate
1448 1823 1502 1866 no-

288 1920 536 1982 bilissimuilla
559 1921 739 2000 nervisque
764 1921 969 1984 iuvenilibus
993 1921 1093 2002 plene
1119 1926 1237 2002 postea
1262 1921 1440 2002 scripsisse
1465 1916 1501 2006 ⁴).

356 2035 536 2113 Ceterum·
557 2040 596 2098 ut
630 2037 696 2098 alia
727 2037 889 2099 nonnulle
920 2038 1074 2100 omittam
1101 2033 1123 2124 5)
1148 2039 1209 2100 hoc
1244 2055 1503 2118 supervacanea,

290 2152 379 2231 quod
402 2152 491 2232 upnd
514 2153 605 2215 viros
631 2154 744 2215 doctos
770 2153 896 2215 Ametii
926 2154 1093 2216 sententia
1123 2171 1189 2216 non
1220 2153 1373 2229 vuluerit,
1399 2152 1503 2215 Theo·

289 2267 360 2328 dori
397 2266 564 2329 Gadareni
602 2269 726 2330 mentio
751 2264 784 2354 θ),
811 2268 863 2331 vel
889 2269 918 2330 si
944 2273 1053 2332 cetere
1079 2270 1252 2332 ubiloendu
1283 2288 1349 2331 non
1379 2275 1502 2348 essent,

289 2385 346 2464 qui
371 2388 478 2448 aetate
502 2385 665 2466 Dionysio
689 2387 871 2466 posteriori
900 2391 1007 2448 artem
1031 2387 1232 2450 rhetoricam
1248 2388 1421 2468 professus
1439 2393 1502 2466 est,

289 2501 401 2563 obstat
424 2501 603 2580 quominus
627 2503 700 2564 turn
722 2500 849 2563 Amutii
876 2503 949 2564 turn
974 2500 1109 2562 illorum
1127 2501 1285 2578 omnium,
1303 2501 1361 2580 qui
1376 2501 1504 2564 librum

284 2983 362 3048 ἓεοος
377 2995 383 3010 ·
398 2976 463 3058 ὑπὲρ
482 2971 515 3048 ἧς
534 2978 563 3035 ἐν
583 2976 654 3036 δυοῖν
674 2975 861 3056 α’ποχροὶντως
880 2975 1081 3043 α’ποδεδωκοτος
1101 3000 1171 3036 cour.
1193 2979 1254 3037 κτλ.

339 3081 361 3152 2)
381 3076 452 3156 ssepe
472 3079 548 3138 ουνθ.
567 3077 641 3151 ὄνομ.
661 3095 685 3135 o.
705 3082 725 3135 l.

340 3178 363 3246 ³)
383 3176 420 3236 II.
440 3177 474 3244 d„
492 3195 516 3233 c.
531 3179 604 3234 VIII:
624 3175 660 3243 οἷς
679 3166 729 3250 κᾷν
747 3171 885 3251 τοῖςπερὶ
907 3171 1082 3254 Ξενοφῶντος
1101 3175 1268 3252 ώριζοίμεθο.

340 3275 364 3348 4)
387 3277 444 3331 ‹ln
465 3275 562 3332 medio
582 3275 645 3330 lere
664 3275 772 3330 aetatis
796 3275 868 3328 flore
897 3273 1050 3330 auctorem
1081 3275 1281 3331 constitutum
1311 3275 1411 3343 fuisse,
1437 3291 1508 3332 eum

285 3376 363 3430 hunc
382 3395 409 3430 u.
426 3373 452 3432 d·
471 3373 582 3430 librum
602 3372 757 3441 scriberet,
777 3372 903 3440 integris
923 3372 1004 3427 certe
1027 3373 1202 3442 uegetisque
1222 3374 1318 3429 adhuc
1337 3375 1449 3431 mentis
1463 3377 1495 3428 vi

288 3471 370 3528 ribus
390 3486 476 3528 usum
496 3485 571 3541 esse,
590 3470 685 3526 multa
704 3469 867 3526 declarent.
887 3471 961 3525 Nam
981 3469 1132 3526 iuniorem
1155 3473 1218 3525 tum
1240 3471 1345 3540 luisse,
1364 3471 1415 3525 vix
1442 3487 1508 3526 cre·

284 3568 375 3624 dibile
395 3569 449 3638 est,
469 3582 537 3623 cum
558 3569 618 3622 iem
638 3567 727 3636 pluro
747 3563 946 3626 edidisset...
965 3568 1064 3635 Neque
1079 3581 1151 3621 vero
1166 3567 1320 3622 senectuti
1333 3566 1426 3624 luisse
1441 3583 1495 3636 pro

285 3668 440 3738 pinquum,
450 3667 539 3723 docet
559 3665 746 3722 admirabilis
758 3665 844 3734 vigor
858 3663 888 3719 et
900 3665 948 3720 ris
960 3664 1076 3719 dicendi
1094 3678 1148 3732 per
1163 3664 1259 3720 totum
1273 3665 1383 3721 librum
1397 3680 1508 3735 aequu-

284 3764 386 3819 biliter
405 3778 436 3820 se
455 3765 596 3832 efferens,
616 3763 757 3831 nulloque
775 3762 841 3818 loco
860 3761 898 3818 ad
922 3761 1100 3830 languorem
1128 3761 1251 3832 delapsa
1263 3783 1288 3816 ν.
1307 3763 1350 3818 lte
1368 3766 1398 3820 B.
1422 3765 1506 3821 Wei-

285 3862 372 3918 sldus
391 3862 422 3916 in
442 3862 564 3918 dissert.
583 3876 656 3917 suae
675 3861 748 3918 edit.
768 3860 945 3930 praemissa.

338 3958 360 4030 5)
382 3958 534 4025 Quomodo
554 3974 600 4013 ex.
620 3971 678 4028 gn,
698 3958 722 4014 si
743 3958 811 4026 quis
831 3957 928 4013 adhuc
947 3957 1058 4013 Amatii
1080 3956 1211 4014 sectator
1230 3959 1319 4027 esset,
1338 3960 1392 4014 boc
1412 3961 1508 4030 expli·

288 4071 358 4112 eure
379 4057 488 4126 posset,
509 4055 683 4124 Dionysium
704 4055 797 4110 Helio.
819 4055 879 4110 tam
903 4055 1010 4110 acerba
1029 4054 1135 4110 contra
1154 4057 1318 4113 Caecilium
1335 4056 1509 4114 familiaris·

287 4156 397 4211 simum
414 4153 591 4225 scripsisse?

339 4253 361 4311 0’)
381 4254 412 4307 V.
432 4249 555 4324 png.27.

337 2883 359 2952 1)
380 2882 418 2938 Π.
439 2883 472 2952 d,
492 2898 516 2938 c.
536 2883 673 2940 XXXIV:
692 2877 759 2953 ἡμῖν
777 2879 899 2938 λείπεται
918 2921 924 2934 .
940 2878 1016 2944 ...η’
1035 2879 1080 2935 brol
1099 2878 1154 2937 τῶν
1170 2879 1262 2950 λόγων
1282 2879 1352 2946 αὕτη
1365 2878 1429 2936 πονοιΙ
1449 2877 1508 2936 ον’ν-
