3428 5070
330 320 366 378 26

337 437 413 496 ante
438 436 478 496 ab
503 434 578 496 aliis
602 435 754 499 tractatis
779 435 962 516 disputare,
988 453 1063 497 oum
1086 430 1121 498 in
1139 435 1387 499 commentariis
1405 436 1445 524 de
1461 436 1542 497 Arte

335 551 466 630 poetica
489 554 558 613 tam
581 551 639 613 diu
663 551 827 630 hodieque
852 553 966 613 eadem
990 556 1167 632 praecepta
1190 553 1333 631 repetita
1357 553 1425 613 sint
1456 569 1541 630 quae

303 648 306 654 ’
337 665 404 727 iam
427 666 628 730 Aristoteles
652 664 824 729 dedissett
849 665 935 727 Tum
958 683 1037 728 vero
1060 661 1251 728 mirandum
1275 671 1374 743 esset,
1392 666 1540 744 numqui

335 783 465 862 primus
489 802 560 846 rem
584 784 797 864 exposuisset
821 785 915 845 tanta
939 783 1183 846 sententiarum
1214 784 1458 861 verborumque
1491 800 1542 843 ex·

338 897 492 960 tollentia
516 917 598 960 usus
624 903 724 971 esset,
749 902 787 960 ut
809 916 906 960 nemo
931 916 966 960 se
991 897 1129 960 meliora
1160 899 1213 960 vel
1245 898 1348 960 ferme
1379 915 1466 959 nova
1496 896 1542 957 di-

339 1029 412 1073 oere
435 1030 535 1092 posse
553 1013 743 1076 confideret.
765 1012 830 1075 Sed
858 1018 973 1075 eontra
996 1016 1112 1076 auctor
1134 1018 1249 1076 noster
1272 1015 1313 1075 ab
1337 1013 1411 1093 ipso
1434 1012 1541 1088 initi0,

335 1129 489 1205 quamvis
514 1129 696 1192 Caecilium
728 1129 903 1208 diligentia
933 1128 1138 1190 laudandum
1164 1133 1270 1208 putet,
1301 1123 1539 1198 τῆς....σπουδῆς

335 1236 424 1314 ἄξιον
451 1241 596 1305 ἐπαινεῖν
616 1239 648 1329 ¹),
672 1249 784 1307 tamen
811 1245 884 1306 eius
902 1261 986 1324 opus
1011 1243 1168 1307 adfirmat
1191 1261 1264 1306 esse
1291 1244 1424 1324 «magis
1441 1248 1540 1306 tenue

336 1375 437 1436 quam
468 1360 558 1438 quod
581 1377 635 1422 res
659 1360 767 1422 omnis
791 1360 964 1440 proposita
986 1359 1183 1439 postularet,
1207 1359 1451 1439 praecipueque
1483 1359 1540 1420 mi-

333 1471 422 1533 nime
448 1477 636 1553 opportuna
660 1474 838 1554 attingens,
863 1491 923 1536 neo
947 1473 1092 1536 multum
1114 1473 1273 1536 utilitatis
1297 1473 1478 1535 lectoribus
1495 1472 1540 1534 al-

333 1586 443 1649 ferens
469 1583 535 1673 ²)».
561 1588 672 1651 Verba
706 1593 819 1650 autem
850 1582 1141 1670 ἀνασκοπουμένοις
1168 1582 1239 1671 ἡμῖν
1275 1581 1349 1650 mea
1373 1587 1541 1648 sententia

334 1702 434 1768 nobis
445 1703 710 1788 perlepeatibus
725 1705 777 1768 vel
794 1706 987 1768 huiusmodi
1000 1706 1166 1768 locutione
1184 1705 1436 1785 interpretanda
1448 1707 1537 1779 sunt,

333 1837 410 1881 eum
434 1839 530 1883 nemo
555 1822 594 1883 de
625 1838 723 1901 opere
751 1822 981 1883 tantummodo
1005 1821 1040 1882 in
1063 1821 1202 1882 libraria
1225 1821 1365 1882 taberna
1387 1819 1538 1898 inspecto

333 1937 449 1999 statim
481 1933 545 2023 (est
573 1939 662 2000 enim
695 1933 985 2020 ἀνασκοπουμένοις
1020 1937 1237 2019 participium
1270 1929 1444 2019 praesens)
1481 1935 1540 1995 sed

332 2053 442 2116 solum
466 2073 503 2116 eo
529 2055 706 2135 diligenter
724 2055 923 2132 examinato,
940 2054 1102 2116 iudicium
1121 2053 1271 2134 proferre
1287 2051 1412 2132 possit3
1438 2054 1538 2129 atque

331 2169 412 2232 haee
429 2171 628 2250 praesertim
645 2169 846 2251 significatio
864 2187 980 2250 graeco
1006 2164 1178 2230 α’νοισκοπῶ
1202 2167 1389 2230 subiicitur.
1416 2165 1537 2241 Quare,

331 2289 369 2346 ut
399 2287 516 2366 paucis
549 2287 725 2367 superiora
762 2286 1050 2366 eomprehendam,
1082 2285 1302 2365 improbabile
1337 2283 1443 2346 videri
1471 2299 1538 2344 non

331 2400 429 2464 debet
452 2403 551 2465 tertio
575 2407 652 2483 post
677 2402 755 2466 Chr.
772 2421 803 2464 n.
830 2402 963 2464 saeculo
987 2402 1156 2464 rhetorem
1179 2417 1344 2481 graecum,
1361 2417 1436 2462 eum
1461 2399 1537 2461 an-

331 2515 490 2578 oilianum
515 2516 640 2580 librum
662 2517 810 2597 legisset,
841 2518 990 2596 eiusque,
1016 2533 1182 2578 unacum
1212 2515 1386 2578 Postumio
1418 2513 1538 2576 Teren-

329 2635 420 2697 tiano
445 2634 612 2713 familiari,
630 2634 713 2697 vitia
729 2635 1032 2712 animadvertisset,
1049 2634 1151 2695 huius
1169 2633 1459 2698 adhortationibus
1477 2631 1536 2691 im-

328 2748 475 2829 pulsum,
501 2749 629 2828 aliquid
652 2749 833 2829 perfectius
850 2749 1098 2828 lectoribusque
1115 2748 1244 2826 utilius,
1262 2765 1299 2810 eo
1316 2748 1422 2828 inagis
1447 2747 1538 2825 quod

329 2867 444 2927 nullus
468 2867 565 2944 alius,
591 2870 629 2928 ut
658 2867 800 2942 videtur,
826 2866 865 2928 de
900 2867 1015 2928 eodem
1047 2871 1242 2947 argumento
1275 2865 1535 2927 commentarius

336 2986 441 3059 esset,
476 2982 690 3044 scribendum
725 2983 790 3044 sibi
824 2983 1060 3062 proposuisse,
1094 2983 1248 3044 omnibus
1285 2980 1535 3062 praetermissis

329 3116 413 3177 quae
438 3099 520 3160 bene
546 3115 565 3159 a
588 3097 730 3160 Caecilio
756 3102 898 3161 tractata
927 3103 1040 3161 essent
1069 3093 1089 3184 )

377 3457 497 3532 1λΠ.ι’ν’,
518 3478 542 3518 e.
562 3461 581 3519 l.

304 3597 306 3600 -
375 3558 396 3632 ²)
417 3554 454 3617 n.
473 3557 495 3616 t.
515 3576 538 3616 ο.
558 3564 583 3627 Ι;
602 3573 638 3615 en
658 3559 712 3616 tibi
738 3562 820 3618 loeus
847 3562 978 3632 integer:
998 3560 1038 3620 ΤοΙ
1058 3561 1105 3632 μὲν
1124 3565 1172 3620 τοῦ
1192 3559 1336 3620 Καικιλίου
1362 3557 1539 3637 ουγγραμμοί·

321 3677 387 3730 τιον,
404 3656 421 3716 ὅ
438 3652 499 3734 περιΙ
517 3655 604 3732 ὕψους
627 3656 805 3730 συνετάξατο,
828 3661 1072 3731 ἀνασκοπουμένοις
1097 3659 1172 3732 η’μῖν,
1199 3661 1233 3726 οἷς
1252 3651 1347 3729 οἶσθα,
1375 3661 1462 3738 κοινῇ,
1483 3657 1542 3715 110-

321 3757 415 3829 0ro'pre
435 3757 596 3834 Τερεντιανὲ
615 3754 743 3830 φίλτατε,
764 3757 951 3836 ταπεινότερον
968 3758 1055 3836 ε’φσίνη
1073 3764 1124 3826 τῆς
1141 3757 1206 3826 ὅλης
1225 3759 1388 3829 ὕποθὲσειος,
1404 3754 1456 3814 καὶ
1476 3757 1536 3822 riar-

322 3879 375 3915 στοι
394 3859 448 3916 τῶν
467 3855 578 3932 καιρίων
599 3853 789 3934 ἐξαπτόμενοι,
808 3857 840 3914 ού
857 3857 958 3925 πολλήν
976 3880 1005 3917 τε
1025 3856 1173 3934 ω’μελειαν.
1186 3897 1191 3911 .
1204 3900 1230 3914 ..
1251 3857 1400 3935 περιποιοῦν
1418 3857 1478 3923 τοῖς
1495 3856 1538 3914 ε’ν-

322 3952 512 4033 τυγχάνουσιν.
523 3985 557 3996 -
568 3953 626 4010 Gir.
636 3955 758 4025 insuper
769 3969 844 4025 quae
863 3956 899 4011 de
914 3957 1041 4012 Caecilio
1054 3957 1196 4012 dicuntur
1211 3957 1240 4012 in
1256 3973 1280 4012 o.
1293 3959 1375 4012 XXX
1390 3956 1420 4010 ol
1432 3957 1538 4010 XXXl.

375 4052 399 4122 3)
418 4053 477 4107 Hoe
496 4051 656 4110 eonsilium
676 4052 766 4109 etiam
786 4069 824 4108 ex
845 4053 907 4110 illis
931 4054 1059 4123 apparet
1081 4055 1207 4123 quaein
1228 4070 1252 4108 e.
1271 4056 1306 4109 lV
1330 4066 1435 4108 comm.
1456 4049 1492 4106 ll.
1513 4049 1539 4107 t.

322 4151 359 4208 lle
378 4153 501 4208 Ttnnuo
521 4150 664 4206 dicuutur
682 4152 804 4222 eiusque
821 4153 959 4222 loquendi
974 4167 1092 4222 genere,
1106 4153 1184 4222 quod
1199 4153 1291 4209 nimio
1306 4165 1452 4207 novarum
1466 4165 1539 4204 sen-

322 4250 488 4306 tentiarum
508 4247 607 4304 studio
627 4249 889 4324 τοιιδαριωδὲστατον
908 4250 996 4319 plano
1021 4250 1169 4306 videatur:
1189 4249 1399 4328 ssapabn'oopor
1413 4244 1477 4306 δε“τ’
1492 4245 1540 4304 α’ν·

324 4345 388 4426 δρὸς
408 4345 448 4417 ἔν,
467 4343 487 4415 ἦ
504 4342 549 4404 δύο
570 4341 661 4413 ἐπειδὴ
679 4348 717 4407 aa*
736 4345 821 4406 πλείω
839 4344 988 4424 προελσβεν
1006 4345 1021 4406 ὁ
1039 4346 1196 4416 Καικιλισς.
