3428 5070
291 320 323 374 12

259 441 261 445 ’
294 432 389 512 hanc,
415 455 499 517 quae
523 440 618 519 parvi
643 442 696 504 vel
721 440 859 505 minime
883 445 999 508 nostra
1023 443 1141 520 refert,
1167 443 1429 511 controversiam
1453 447 1497 508 at·

293 550 411 631 tigisse
437 548 474 640 ¹).-

359 653 410 733 Ne
427 671 488 734 hoc
508 675 643 752 quidem
661 676 700 739 de
717 677 877 758 Longino,
896 696 962 757 quo
987 695 1073 742 anno
1090 682 1189 742 natus
1214 679 1267 756 sit,
1283 679 1499 770 antiquorum

294 791 498 872 scriptorum
524 793 663 871 incuria,
690 795 747 873 qui
772 799 905 874 tempus
930 797 1160 860 tantummodo
1184 813 1248 876 quo
1280 795 1397 860 floruit
1420 793 1497 858 defi·

294 910 430 978 nierunt
455 905 488 996 ²),
516 911 600 974 satis
617 915 746 974 certum
769 913 946 990 habemus3
965 914 1024 975 sed
1047 914 1077 975 si
1100 931 1176 976 eum
1199 914 1386 994 Porphyrio
1402 912 1497 976 disci·

294 1026 374 1105 pulo
398 1027 517 1106 viginti
535 1027 668 1089 circiter
694 1027 792 1089 annis
818 1027 979 1090 maiorem
995 1033 1161 1108 putemus,
1181 1046 1267 1091 anno
1283 1033 1361 1110 post
1377 1027 1451 1091 Chr.
1464 1047 1496 1091 n.

294 1139 384 1217 CCX,
410 1141 463 1204 vel
489 1142 580 1204 haud
604 1143 709 1204 multo
740 1146 828 1223 post,
854 1160 930 1204 cum
961 1147 1091 1218 constet
1121 1143 1217 1206 illum
1241 1163 1268 1206 a.
1302 1142 1495 1220 CCXXXII,

292 1263 408 1322 natum
433 1277 506 1322 esse
530 1260 627 1321 nobis
652 1259 748 1322 facile
772 1277 974 1340 persuasum
998 1261 1069 1324 erit.

358 1373 389 1442 3.
417 1411 457 1422 -
490 1376 605 1438 Prima
637 1375 863 1440 adolescentia
894 1377 1028 1455 multas,
1061 1382 1100 1440 ut
1122 1378 1194 1458 ipse
1225 1383 1341 1442 narrat
1364 1371 1397 1464 ³),
1430 1397 1497 1441 una

294 1510 369 1555 cum
401 1493 598 1572 parentibus
631 1492 785 1573 regiones
817 1492 1018 1573 peragravit,
1041 1495 1141 1572 atque
1169 1493 1402 1555 celeberrimos
1428 1492 1497 1554 illis

295 1611 504 1691 temporibus
520 1610 739 1692 philosophos
753 1610 948 1692 platonicos,
960 1609 1092 1687 stoicos
1103 1611 1340 1690 peripateticos
1357 1611 1504 1686 audivit,

220 1739 221 1743 ’
291 1728 382 1790 inter
406 1744 490 1806 quos
506 1725 722 1789 Ammonium
747 1725 891 1802 Saccam,
912 1725 1100 1807 Origenem,
1118 1725 1299 1802 Plotinum,
1317 1725 1495 1789 Amelium.

292 1842 358 1906 Sed
381 1841 535 1922 quamvis
559 1843 759 1923 praesertim
791 1841 917 1905 Plotini
940 1837 964 1928 4)
996 1844 1131 1904 acutum
1160 1841 1383 1904 admiraretur
1409 1841 1497 1920 inge·

293 1944 396 2035 nium,
415 1938 526 2021 tamen
551 1957 687 2021 illorum
709 1957 969 2038 philosophandi
993 1956 1157 2019 rationem
1180 1959 1318 2018 secutus
1342 1971 1409 2017 non
1433 1958 1495 2031 est,

293 2077 360 2155 qui,
379 2075 602 2138 recentiorum
626 2076 871 2157 platonicorum
894 2075 1036 2150 nomine,
1054 2073 1206 2136 Platonis
1231 2074 1416 2136 doctrinam
1432 2073 1495 2136 soe-

292 2193 372 2254 dum
395 2192 430 2253 in
447 2192 582 2254 modum
606 2193 848 2268 adulterabant,
867 2190 925 2253 sed
948 2189 1085 2252 huiuse
1108 2190 1216 2270 primo
1246 2189 1495 2270 purissimoque

293 2310 384 2374 fonte
408 2310 632 2373 hauriendum
654 2311 796 2390 putabat
812 2303 853 2395 Β);
878 2309 1119 2388 Platonemque
1136 2308 1183 2370 ita
1206 2308 1438 2384 venerabatur,
1457 2312 1496 2370 ut

292 2427 334 2488 ad
369 2426 441 2488 eius
471 2427 600 2488 natales
635 2425 860 2510 celebrandos
892 2419 932 2485 rol
963 2416 1154 2484 Πλκτώνεια
1188 2415 1313 2500 ἑστιῶν,
1344 2439 1493 2486 summos

299 2543 391 2605 viros
415 2543 558 2607 Athenis
583 2543 725 2606 solemni
748 2542 900 2606 convivio
925 2543 1076 2624 excipere
1100 2531 1221 2606 solitus
1246 2547 1336 2606 esset
1372 2537 1391 2629 )

356 2659 445 2723 Nam
462 2661 497 2722 in
521 2661 583 2723 hac
599 2661 682 2723 urbe
707 2661 894 2742 complures
912 2677 1017 2727 annos
1038 2677 1105 2722 nou
1122 2660 1232 2723 solum
1247 2659 1505 2742 philosophiam·
1533 2679 1536 2687 ·

297 2777 472 2859 professus
497 2781 557 2855 est,
583 2777 759 2840 sedetiam
784 2777 1009 2857 eloquentiam
1025 2771 1048 2864 ⁷)
1066 2777 1282 2857 criticamque
1308 2781 1341 2840 et
1356 2777 1493 2840 rhetori-

336 3087 359 3155 1)
377 3085 413 3146 V.
434 3090 505 3144 Dav.
523 3089 696 3144 Ruhnkenii
717 3090 758 3143 De
777 3090 841 3142 cita
860 3092 890 3142 et
909 3089 1032 3156 scriptis
1053 3090 1151 3157 Loco,
1169 3089 1241 3144 diss
1266 3089 1371 3157 philol.
1392 3101 1494 3144 mense

284 3190 340 3244 oct.
362 3204 389 3244 a.
411 3185 478 3244 1776
497 3188 529 3242 in
549 3187 697 3243 auditorio
717 3186 853 3243 literario
873 3186 956 3244 acad.
976 3188 1112 3258 Lugdun.
1126 3187 1229 3244 Batav.
1249 3187 1367 3255 lectam,
1387 3187 1494 3244 deinde
1546 3247 1554 3254 ,

284 3285 802 3358 1111111111111(Ρ1τ1ο111111
828 3284 1021 3357 Senianum),
1047 3285 1077 3340 in
1103 3285 1209 3342 eadem
1235 3285 1308 3340 urbe
1332 3285 1495 3355 eodemque

282 3401 361 3442 anno
380 3387 500 3443 editam.

335 3486 425 3560 ἓ)111.
446 3501 491 3556 gr.
511 3486 634 3542 Photius
655 3486 686 3540 11
706 3487 847 3541 Bibliocb.
868 3486 938 3541 God.
957 3487 1093 3540 CCLXV:
1119 3479 1164 3542 e’cl
1183 3481 1320 3543 Klaudiou
1339 3481 1494 3560 ...ἤκμαζε;

285 3584 392 3640 Suidas
411 3583 511 3640 aurem
531 3598 559 3638 v.
580 3581 726 3655 Λογγῖνοςτ
743 3573 806 3654 ἦν..
827 3580 870 3639 ἐπί
888 3579 1057 3658 Αὕρηλιανοῦ
1076 3580 1135 3639 κτλ.
1222 3625 1226 3634 .

335 3679 368 3751 ³).
387 3683 418 3735 ln
438 3679 591 3750 prooemio
611 3678 700 3751 (quod
721 3680 806 3736 nobis
826 3680 1010 3749 Porphyrius
1029 3680 1060 3734 in
1079 3681 1144 3734 Vita
1158 3678 1272 3734 Plotini
1289 3678 1494 3751 conservavit)

283 3773 359 3833 libri'
373 3775 450 3853 Πρός
468 3774 606 3834 litoteta
625 3777 673 3834 καί
692 3773 867 3835 rambaldo
886 3773 947 3846 Ἀμ.
966 3772 1027 3853 περί
1045 3773 1147 3841 selloca

336 3877 359 3949 4)
377 3879 409 3933 V.
430 3879 587 3948 Porphyrii
609 3877 638 3931 in
665 3879 732 3933 Vita
753 3881 829 3934 Plot.
848 3878 868 3934 l.
888 3893 912 3932 c.
932 3877 963 3932 et
981 3876 1107 3945 Longini
1127 3875 1295 3946 epistolam.

337 3978 358 4040 5)
379 3978 461 4046 Quod
482 3979 640 4037 manifeste
660 3994 728 4036 eum
747 3996 784 4035 ex
804 3980 908 4037 multis
927 3981 1062 4051 apparet,
1078 3982 1141 4037 tum
1162 3997 1178 4036 e
1197 3983 1323 4052 Longini
1345 3984 1493 4039 Commen-

285 4076 363 4132 tario
384 4079 416 4132 in
434 4079 627 4133 Prooemium
645 4079 759 4134 Timaei
778 4077 934 4147 Platonica,
949 4077 1034 4133 cuius
1054 4077 1139 4134 nobis
1158 4077 1328 4147 fragmento
1351 4079 1495 4135 nonnulla

282 4175 405 4232 exstant
423 4176 502 4247 apud
521 4177 667 4232 Proclum.

337 4273 360 4344 6)
380 4275 438 4329 Hoc
459 4274 592 4330 affirmat
609 4274 794 4344 Porphyrius
814 4275 843 4329 11
864 4275 983 4330 Eusebii
1002 4277 1044 4331 Dc
1057 4283 1235 4345 praeparat.
1257 4279 1369 4346 anny.
1391 4279 1427 4345 X,
1447 4276 1471 4334 3.

335 4371 358 4445 ⁷)
377 4372 415 4429 Ut
433 4386 470 4426 ex
490 4372 551 4429 illis
570 4372 672 4428 verbis
687 4372 906 4444 ,argumentari
934 4372 1011 4446 licet,
1031 4387 1107 4448 quae
1134 4375 1286 4444 Longinus
1306 4375 1335 4432 in
1360 4388 1493 4449 prooem.
